1968 3023
68 297 102 324 Caro
114 304 134 324 cu·

46 331 106 367 stigetur.

66 1018 105 1044 Proa.
112 1024 132 1052 29.

52 1081 101 1107 Eccles.
112 1090 131 1115 33.

61 2556 104 2582 Galat.
114 2562 125 2589 ς.

156 217 179 255 70
352 207 378 244 De
393 207 487 257 parotidiaao
501 207 588 245 centenariae
602 208 699 246 tentationis.

155 299 196 324 cum
210 288 286 325 Christo.
301 288 402 337 Castigetur
416 301 481 336 corpus
490 287 596 325 abstinentia
605 288 686 333 discreta,
700 302 721 326 ne
734 290 800 326 mentis
814 290 890 338 imperio

154 346 259 393 recalcitret;
273 347 364 397 frangatur
378 347 522 395 concupiscentia
531 348 588 384 carnis
597 348 663 384 sanctis
677 348 770 393 exercitiis,
787 358 806 385 ut
820 361 890 397 semper

154 404 223 443 obedIat
237 406 315 443 consiliis
328 407 408 444 rationis.
421 407 439 443 Si
453 406 524 456 quando
538 406 609 443 lascivis
625 417 704 444 mentem
722 407 792 456 pulsare
810 407 890 445 motibus

152 466 224 515 ceperit,
233 467 286 503 etiam
298 476 399 504 coerceatur
408 464 515 509 verberibus,
528 465 569 514 quia
582 466 646 503 melius
661 475 693 511 est,
707 476 726 503 ut
739 467 790 506 livor,
798 466 889 517 plagarum

153 524 236 562 lmmiliet
245 525 325 572 dorsum,
334 539 386 574 quarn
396 525 453 561 carnis
460 524 557 573 petulantia
566 526 644 562 arrianam
654 526 757 576 praecipitet
766 528 784 564 in
793 526 889 564 infernum.

153 583 201 620 Dicit
214 583 261 620 enim
274 584 368 632 scriptura.
383 583 421 627 Qui
434 582 508 619 delicate
522 596 532 620 a
544 584 619 632 pueritia
632 597 664 621 sua
676 585 732 621 nutrit
745 597 817 622 servum
830 598 888 629 suurn,

153 652 215 692 postea
228 644 292 680 sentiet
305 656 346 680 eum
360 651 489 679 contumacem.
503 641 550 678 Caro
559 655 621 679 servus
637 652 663 679 est
679 644 751 690 mentis,
762 657 806 693 quae
818 656 889 693 semper

153 703 229 751 imperio
238 702 290 740 debet
299 701 370 740 obedire
379 702 459 739 rationis.
473 700 528 745 Quod
537 702 552 738 si
562 714 602 739 caro
611 703 665 739 nimis
674 702 747 740 licenter
755 704 822 740 nutrita
830 703 889 749 fuerit,

153 762 199 799 ferre
211 763 283 811 spiritus
297 763 392 811 imperium
401 761 436 797 iam
445 760 567 809 voluptatibus
577 772 646 798 assueta
654 762 748 800 recusabit.
762 763 827 800 Servus
840 763 888 800 enim

153 823 233 860 Domino
246 835 278 859 suo
292 831 388 859 contumax
405 819 489 867 efficitur,
503 821 574 870 quoties
592 820 665 858 delicate
679 820 699 858 ab
713 835 734 859 eo
748 835 780 871 per
793 833 888 860 consuetu-

153 882 213 919 dinern
222 882 304 919 nutritur.
318 880 393 918 Difficile
407 890 467 917 nutem
480 890 506 917 est
522 893 594 917 servum
608 879 696 925 rebellem,
707 891 724 918 et
733 891 857 919 contumacem
866 882 889 919 ad

153 941 240 978 humilem
254 940 372 978 obedientiam
386 939 476 986 reducere,
490 949 619 989 posteaquam
633 940 688 990 longo
701 950 782 990 tempore
796 943 889 979 consuevit

153 1001 269 1038 recalcitrare.
282 1000 371 1048 Scriptum
385 1009 411 1036 est
425 1000 480 1036 enim.
494 999 560 1036 Seruus
570 1000 628 1036 verbis
638 1013 674 1037 non
683 1010 741 1049 potest
754 1001 827 1048 erudiri,
841 1002 888 1051 quia,

153 1061 200 1111 quod
214 1061 263 1105 dicis,
273 1061 361 1109 intelligit,
371 1069 388 1096 et
398 1060 506 1108 respondere
520 1061 625 1097 contemnit.
638 1061 734 1109 Propterea
747 1062 816 1109 sapiens
830 1062 850 1098 in.
862 1074 888 1098 ec·

152 1120 250 1158 clesiastico
264 1120 312 1157 dicit.
326 1119 404 1165 Cibaria,
419 1129 436 1156 et
449 1120 506 1168 uirga,
521 1129 538 1155 et
552 1132 597 1156 otrus
611 1120 669 1166 asln03
683 1121 742 1168 panis,
756 1129 774 1157 et
787 1120 886 1170 disciplina,

152 1189 169 1217 et
182 1193 227 1229 opus
240 1192 298 1217 servo.
312 1179 402 1227 Operatur
416 1179 434 1214 in
448 1178 547 1227 disciplina,
557 1188 574 1214 et
584 1179 652 1227 quaerit
666 1179 786 1228 requiescere:
800 1179 838 1216 laxa
851 1192 887 1216 ma-
930 1199 932 1201 ·

151 1252 195 1275 num
204 1238 234 1282 illi,
249 1247 265 1275 et
279 1239 346 1287 quaerit
359 1236 466 1274 libertatem.
480 1236 550 1285 Iugum,
560 1246 577 1273 et
586 1236 645 1274 lorum
655 1247 727 1274 curvant
737 1237 803 1275 collum
817 1238 886 1282 durum,

151 1306 168 1333 et
182 1310 253 1334 servum
263 1297 347 1333 inclinant
356 1296 470 1344 operationes
480 1295 566 1333 assiduae.
580 1296 598 1332 Si
612 1296 654 1333 haec
667 1297 793 1345 scripturarum
806 1298 887 1334 testimo·

150 1357 179 1392 nia
192 1356 214 1392 ad
227 1356 313 1393 moralem
327 1368 400 1391 sensnm
413 1368 422 1391 a
436 1354 500 1391 literali
513 1364 582 1391 inritare
597 1356 707 1404 ceperimus,
722 1357 792 1401 omnia,
807 1369 852 1405 quae
866 1355 887 1393 de

145 1407 207 1459 servo,
222 1426 238 1452 et
252 1416 301 1451 asino
315 1424 356 1451 suist
369 1413 422 1459 dicta,
436 1426 488 1462 quam
503 1424 550 1450 recte
564 1414 670 1451 conveniant
683 1415 730 1451 carni
744 1415 810 1463 pigrae,
824 1428 844 1451 ac
858 1415 887 1452 de-

150 1474 217 1518 licatae,
230 1474 347 1511 inveniemus.
362 1474 409 1510 Vere
423 1472 490 1509 etenim
505 1485 545 1509 caro
560 1485 620 1509 servus
634 1483 660 1510 est
674 1473 747 1517 animae,
758 1486 802 1523 quae
816 1487 886 1522 semper

149 1544 211 1572 contra
223 1535 320 1571 Dominam
333 1534 416 1583 erigitur,
431 1533 465 1569 uisi
482 1532 586 1581 disciplina,
601 1543 686 1581 etopere
703 1532 782 1583 quotidie
795 1533 885 1583 fatigetur.

149 1595 199 1631 Hanc
213 1595 266 1637 enim,
276 1595 306 1643 qui
320 1594 337 1629 in
352 1593 398 1638 ocio,
412 1601 429 1628 et
442 1590 564 1641 voluptatibus
578 1592 722 1641 omnitempore
736 1591 810 1629 delicate
824 1593 885 1637 nutrit,

150 1664 210 1690 contra
223 1653 322 1702 spirituales
336 1652 430 1689 instinctus
444 1653 544 1689 necessario
558 1653 634 1689 sentient
648 1663 779 1699 contumacem,
789 1653 829 1701 quia
843 1652 886 1690 dum

149 1726 190 1750 caro
203 1713 222 1749 iu
235 1712 336 1762 superbiam
350 1712 430 1759 erigitur,
444 1711 517 1759 spiritus
531 1711 572 1747 ocio
585 1710 709 1760 languescens,
724 1723 741 1747 et
754 1712 824 1760 tepidus
838 1711 885 1749 iniit-

148 1782 212 1809 matur.
226 1772 265 1809 Nisi
279 1784 321 1820 ergo
334 1771 382 1807 huuc
395 1783 468 1807 seruum
482 1778 544 1816 tuum,
558 1770 641 1807 videlicet
654 1783 735 1817 carnem,
750 1784 761 1808 o
775 1770 828 1807 frater
842 1784 885 1808 mo-

148 1830 209 1874 nache,
223 1843 254 1879 per
267 1842 317 1878 opus,
332 1840 348 1866 et
366 1828 491 1865 abstinentiam
508 1830 592 1865 continue
608 1829 742 1875 humiliaveris,
756 1830 790 1866 nisi
804 1828 883 1867 rnotibus

148 1891 185 1927 eius
198 1889 264 1927 illicitis
278 1888 348 1926 frenum
363 1888 492 1932 continentiae,=
502 1900 522 1925 ac
535 1888 636 1925 sobrietatis
652 1890 766 1937 imposueris,
783 1898 839 1935 totus,
853 1889 884 1926 illo

148 1941 250 1999 praeeunte,
264 1949 281 1985 in
294 1948 419 1997 praecipitium
432 1948 471 1985 ibis.
485 1948 555 1984 Scimus
568 1949 622 1992 enim,
632 1959 692 1985 sancto
708 1947 778 1985 dicento
789 1948 884 1997 Apostolo,

147 2009 232 2057 quoniam
246 2021 286 2045 caro
299 2008 409 2055 concupiscit
422 2007 506 2044 adversus
524 2008 617 2056 spiritum,
632 2017 649 2044 et
662 2008 697 2044 nisi
710 2008 773 2057 spiritu
786 2008 883 2045 mortifica-

147 2068 224 2106 verimus
241 2081 295 2117 opera
312 2068 378 2113 carnis,
393 2069 411 2104 in
429 2068 466 2104 eius
484 2068 600 2116 corruptione
617 2068 728 2105 morientur..
741 2068 790 2105 Nihil
807 2068 883 2117 amplius

147 2128 249 2177 praecipitat
258 2128 335 2163 animam
345 2128 363 2163 in
373 2126 443 2163 foveam
457 2128 532 2175 peccati,
543 2139 596 2176 quam
610 2126 705 2163 insolentia
714 2128 776 2172 carnis,
786 2140 830 2176 quae
840 2127 882 2165 dutn

147 2200 179 2223 sno
193 2187 254 2223 vivere
268 2185 340 2223 arbitrio
357 2186 476 2234 permittitur,
490 2186 570 2222 Domino
588 2198 649 2222 servus
667 2195 763 2222 contumax
780 2186 881 2225 reluctatur.

147 2247 193 2284 Caro
207 2245 274 2293 infelix,
283 2259 327 2295 quae
341 2246 486 2295 concupiscentia
495 2246 577 2282 vanitatis
588 2246 691 2295 praecipitas
705 2246 787 2290 animam,
802 2260 838 2284 iton
851 2248 883 2285 tibi
931 2240 932 2243 Ἴ

147 2306 196 2343 cedet
213 2307 295 2355 impune,
310 2307 325 2342 si
339 2304 381 2354 quid
395 2315 412 2342 te
426 2316 532 2354 suggerente
546 2304 588 2341 mali
602 2305 722 2351 commiserit,
736 2307 820 2354 qtrortiarn
834 2308 882 2344 Deus

146 2376 232 2414 utranque
246 2364 335 2402 iudicabit.
350 2365 388 2401 Vae
401 2364 440 2410 tibi,
456 2377 497 2400 cum
511 2364 541 2401 illa
554 2365 664 2413 peccaverit,
679 2365 719 2413 quia
732 2364 775 2401 dum
789 2366 846 2403 Adam
861 2367 882 2404 de

145 2424 227 2473 paradiso
244 2433 365 2473 transgressor
382 2423 509 2460 mandatorum
528 2423 630 2472 expellitur,
644 2423 680 2460 Eva
693 2424 779 2461 incentrix
792 2426 881 2463 malorum

145 2484 246 2521 necessario
255 2485 340 2520 irriserunt
351 2485 451 2520 comitatur.
465 2483 509 2520 Esto
523 2484 636 2520 consentiens
649 2483 718 2531 spiritui
729 2496 774 2529 caro,
785 2486 825 2534 quia
840 2485 881 2523 dicit

146 2543 253 2591 Apostolus:
268 2543 305 2587 Qui
321 2555 380 2580 autem
398 2553 439 2579 sunt
456 2543 533 2586 Christi,
548 2555 618 2579 carnem
635 2555 685 2579 suarn
703 2543 827 2581 crucifixerunt
841 2557 881 2581 cum

146 2603 204 2648 vitiis,
217 2613 234 2639 et
249 2603 403 2650 concupiscentiis.
419 2603 440 2639 Et
453 2614 495 2646 voa,
510 2615 521 2638 o
535 2602 569 2640 uiti
583 2601 656 2648 fratres,
669 2603 699 2651 qui
715 2603 782 2640 Christi
792 2604 882 2641 ‘militiam

147 2661 261 2712 profitemini,
271 2662 301 2710 qui
314 2662 332 2698 in
344 2661 404 2711 legem
417 2661 527 2698 rnonasticae
540 2662 680 2699 conversationis
693 2662 791 2700 voluntarie
804 2664 881 2708 iurastis,

147 2721 177 2771 qui
187 2720 279 2758 salvatoris
289 2721 354 2759 imitari
368 2722 443 2770 vestigia
456 2721 570 2770 promisistis,
580 2720 664 2759 attendite
673 2723 787 2760 vocationem
796 2732 881 2771 vestran,
