1968 3023
370 123 425 161 Seruo
442 124 450 161 l
457 124 470 161 I.
759 135 794 171 219

62 206 124 244 murrdi
143 216 236 255 segregat,
252 216 268 242 et
281 215 340 242 toturn
354 205 375 242 ad
389 205 473 242 interiora
487 215 544 242 vocat.
564 205 606 242 Eius
626 218 695 254 nanque
712 205 795 242 voluntas

61 266 136 303 Divinae
149 265 237 303 voluntati
250 265 328 314 placidae
342 265 407 302 mentis
421 264 484 302 aflectu
498 264 600 313 subiicitur,
615 275 632 302 et
645 278 654 301 a
668 265 735 301 cunctis
749 265 794 302 desi-

29 329 32 335 ’
61 325 120 372 deriis,
134 338 179 375 quae
193 325 269 362 militant
283 326 367 362 adversus
381 325 470 373 spiritum,
483 324 536 374 longe
549 335 645 372 separatur.
659 325 746 373 Quisquis
759 324 794 361 hoc

61 384 129 422 domun
145 386 212 434 gratiae
229 385 306 434 Spiritus
317 384 378 422 ¹Sancti
398 385 495 431 acceperit,
510 385 528 420 in
541 385 603 433 primis
616 394 656 432 agat
674 384 739 432 gratias
753 397 793 420 cum

61 445 170 488 humilitate,
184 458 218 482 nec
230 457 249 481 51
262 439 338 481 inaniter
356 436 429 481 estollat
443 443 465 481 de
479 456 562 489 1111111111,
575 443 606 481 sed
619 452 685 492 quanto
699 442 794 491 profecerit

61 504 142 552 amplius,
156 514 206 542 tanto
220 517 238 540 se
251 503 346 541 humiliare
360 504 414 540 discat
424 505 442 541 in
451 502 539 541 omnibus.
553 503 609 552 Saepe
623 513 681 540 autern
695 503 750 540 horno
760 504 793 540 Dei

60 565 135 614 gratiam
153 575 231 601 tueretur
244 565 336 610 amittere,
350 576 403 613 quarn
421 563 496 612 negligit
512 564 529 600 in
543 563 608 611 pyxide
622 575 674 600 verae
688 562 794 599 launilitatis
832 566 901 615 unaarum

61 635 172 661 conservare.
188 624 286 671 Propterea
299 623 421 671 Omnipotens
435 624 484 659 Deus
497 636 625 672 nonmanquarn
639 622 726 659 sensibilis
741 622 794 659 devo·
814 602 901 670 iilmpiiiiss'

59 682 114 719 tionis
131 682 206 731 gratiam
225 679 360 729 proficientibus
373 681 395 717 ad
408 680 460 718 breve
478 691 550 731 ternpus
565 681 661 728 subtrahit,
675 691 762 731 qnatenus
776 683 792 719 in
813 670 901 739 ξζᾙῖἒζζζζ

60 752 119 780 mente
133 751 234 790 perseveret
247 740 345 785 hutnilitas,
355 751 372 777 et
381 740 439 777 fervor
453 739 536 779 desiderii
546 741 701 791 adinquirendum
716 741 792 791 amplius
812 748 901 801 ἱῗξωᾛῡῖξ

688 792 690 795 ’
869 795 872 807 1

59 803 162 839 inardescat.
177 801 194 838 V
196 813 252 843 1111111,
263 814 304 837 cum
318 801 385 837 multae
399 801 434 837 sint
443 813 505 837 causae
514 802 532 837 in
541 800 649 847 hominibus,
659 800 722 851 quibus
735 803 792 851 gratia
811 816 901 851 expromam

58 863 92 899 Dei
101 860 207 912 quandoque
220 859 335 906 subtrahitur,
345 872 409 908 operae
418 860 471 897 luerit
480 862 566 909 precium,
576 871 595 897 ut
604 874 625 897 ex
634 860 696 898 ordine
705 860 791 899 dicantur⁴
811 845 901 906 {iiriss'diii'i

58 922 119 958 Primo
133 920 205 970 quidem
215 920 271 968 gratia
280 920 314 956 Dei
327 919 397 956 homini
410 931 482 968 propter
491 930 582 968 peccarunt
596 919 710 967 subtrahitur,
720 921 791 969 quando
811 915 900 976 ξξὴζξξζηῗξ

59 980 167 1017 conscientia
179 979 265 1015 vitiorum
279 979 389 1027 turpitudine
403 977 507 1017 maculatur.
521 981 568 1016 Deus
583 981 629 1017 enim
642 990 703 1017 noster
711 980 740 1028 [ut
749 981 791 1017 scri·
810 985 868 1011 trahitur.

30 1050 31 1053 ’
58 1037 370 1088 1111111111111110115,11110115
389 1037 479 1086 diligitur,
494 1048 523 1075 aut
537 1051 578 1074 cum
591 1039 639 1075 socio
657 1039 736 1088 quolibet
754 1054 790 1077 non
810 1049 869 1077 Esazoi

59 1108 133 1136 11111111.
152 1097 228 1141 Quoties
242 1109 286 1145 ergo
304 1110 366 1143 1111115,
380 1097 408 1133 vel
422 1098 443 1134 ad
457 1098 541 1147 seipsam,
555 1098 584 1134 vel
598 1098 619 1135 ad
632 1097 679 1136 aliud
692 1100 791 1137 inordinate
811 1086 886 1121 ΝΜ·

59 1156 200 1205 concupiscendo
214 1154 318 1203 reflectitur,
331 1168 341 1191 a
354 1151 494 1204 snolprincipio,
508 1157 555 1206 quod
568 1156 617 1193 Deus
631 1166 662 1201 est,
677 1157 751 1195 alienata
764 1171 791 1195 re-

58 1226 150 1262 movetur;
165 1215 211 1252 unde
225 1216 307 1264 gratiam,
320 1228 374 1263 quam
387 1214 478 1262 habuerat,
492 1226 570 1252 meretur
583 1217 670 1263 amittere,
683 1229 736 1266 quarn
750 1231 791 1267 pec-

58 1285 97 1312 cato
111 1276 223 1312 consentiens
236 1275 340 1310 inviolatam
351 1273 409 1311 noluit
419 1274 514 1312 custodire.
527 1275 574 1311 Hinc
585 1275 666 1313 hortatur
675 1272 708 1313 nos
716 1276 790 1314 Sanctus

57 1335 124 1372 Christi
137 1334 237 1382 Apostolus
250 1333 323 1380 Paulus,
332 1347 354 1370 ne
368 1334 443 1383 gratiam
452 1335 486 1371 Dei
499 1336 517 1371 in
530 1348 606 1372 vacuum
619 1337 733 1385 recipiamus;
746 1351 791 1386 qnae

57 1404 99 1431 tunc
113 1393 184 1443 quidem
198 1392 527 1442 11151111111111111111111111111111.
542 1394 611 1443 quando
626 1408 675 1432 mens
689 1396 790 1445 recipientis

57 1456 141 1492 vitiorum
151 1453 234 1504 sordibus
243 1453 351 1502 inquinatur.
361 1453 466 1500 Vasculutn,
478 1455 495 1490 in
504 1454 552 1503 quod
561 1456 636 1502 gratiam
646 1456 679 1492 Dei
689 1456 790 1504 recipimus,

56 1524 117 1552 nostra
131 1523 157 1550 est
173 1513 292 1559 conscientia;
308 1526 353 1562 quae
371 1513 413 1550 dum
430 1525 517 1563 purgatur
529 1527 539 1550 a
551 1514 609 1561 vitiis,
623 1523 640 1550 et
657 1516 721 1552 sanctis
739 1516 790 1553 ador-

56 1585 108 1611 natur
121 1573 222 1617 virtutibus,
236 1572 311 1621 dignum
324 1572 343 1610 lit
356 1574 412 1610 sancti
426 1574 497 1622 spiritus
511 1573 635 1619 habitaculum,
646 1586 662 1612 et
676 1589 762 1626 taragnunt
772 1578 789 1613 in

56 1634 108 1671 nobis
126 1645 198 1683 generat
216 1632 322 1681 profectum,
341 1632 396 1677 Quod
409 1635 424 1670 si
437 1633 528 1670 vasculum
544 1635 662 1672 conscientiae
675 1646 745 1673 nostrae
759 1650 790 1685 per

56 1695 167 1743 putredinem
186 1693 253 1741 peccati
271 1692 363 1728 foedatum
377 1692 440 1739 fuerit,
454 1706 495 1729 moa
509 1694 541 1729 Dei
559 1695 631 1741 spiritus
649 1707 689 1731 cnm
706 1695 789 1732 omnibus

56 1753 108 1789 donis
122 1753 190 1800 gratiae
206 1749 278 1788 recedit
296 1752 362 1788 Nonne
376 1752 464 1788 Dominus
481 1762 542 1789 noster
555 1753 603 1789 lesus
617 1753 698 1790 Christus
711 1766 787 1801 11111101,

56 1822 73 1850 11
86 1824 161 1860 sponsus
177 1811 235 1847 fidelis
254 1820 280 1847 est
295 1811 374 1856 auiutae,
389 1823 441 1858 quarn
460 1810 492 1847 sibi
510 1812 576 1859 proprii
594 1814 684 1861 sanguinis
702 1812 787 1850 effusione

56 1871 177 1920 comparavit?
191 1871 232 1913 Qua
245 1868 309 1913 fronte,
320 1883 353 1918 qua
362 1872 463 1907 temeritate
476 1869 524 1906 hunc
537 1881 604 1908 tantum
618 1882 722 1918 amatorem,
734 1873 788 1910 salua-

55 1944 148 1981 roremque
165 1940 217 1967 tuum
235 1943 245 1966 o
263 1931 319 1966 homo
338 1940 389 1978 potes
410 1939 533 1974 contemnere,
547 1940 564 1967 et
578 1931 624 1967 aliud
641 1932 659 1968 in
673 1932 707 1969 lroc
720 1933 788 1971 inundo

56 1991 149 2042 quodlibet
163 1990 232 2026 aurare?
245 1989 294 2025 Deus
308 1999 325 2025 te
338 2002 408 2025 summe
422 1989 486 2038 diligit,
501 1991 530 2038 qui
544 1999 584 2026 tuus
599 2001 625 2027 est
638 2002 712 2036 creator,
726 2005 757 2029 sua
770 2004 787 2030 te

54 2062 113 2090 morte
121 2050 141 2087 ab
152 2051 222 2087 interitu
237 2049 346 2096 sempiterno
360 2047 445 2085 liberavit.
459 2048 508 2092 Quid
521 2048 546 2085 illi
559 2049 644 2087 retribues
654 2065 665 2088 o
674 2051 730 2089 horno
740 2065 787 2090 mor-

54 2113 101 2157 talis,
114 2124 123 2147 a
137 2123 172 2159 quo
186 2117 234 2162 tanta
248 2108 342 2156 suscepisti
358 2106 455 2144 beneficia?
467 2107 517 2145 Nihil
530 2121 539 2144 a
552 2119 570 2144 te
583 2111 637 2157 petit,
652 2111 696 2147 nihil
710 2113 787 2160 quaerit,
807 2136 808 2140 =

55 2171 98 2209 nihil
112 2168 197 2219 postulat,
212 2168 246 2203 uisi
259 2166 397 2215 gratitudinem,
412 2166 537 2213 dilectionem,
550 2179 567 2204 et
585 2169 694 2207 charitatem.
713 2172 787 2208 Custodi

55 2230 183 2274 innocentiam,
199 2238 216 2265 et
229 2228 326 2275 puritatem
341 2222 464 2271 conscientiae,
478 2241 500 2264 ne
513 2228 575 2276 perdas
591 2230 694 2267 instinctum
712 2233 785 2280 gratiae.

55 2288 133 2327 Secunda
149 2288 215 2324 etenim
229 2298 281 2322 causa
294 2296 368 2334 propter
382 2299 435 2335 quani
450 2288 506 2334 gratia
519 2287 588 2324 homini
601 2287 715 2333 subtrahitur,
729 2292 787 2340 ingra-

54 2348 136 2386 titudinis
150 2345 231 2394 superbia
245 2355 364 2393 nuncupatur.
380 2345 429 2381 Deus
443 2354 502 2382 autent
515 2347 611 2395 (scriptura
623 2350 708 2400 testante)
721 2352 788 2389 resistit

54 2406 140 2456 superbis,
155 2404 253 2442 humilibus
267 2417 310 2442 vero
324 2404 353 2441 dat
366 2405 447 2453 gratiam.
461 2406 509 2454 lusto
523 2420 593 2456 nanque
606 2409 639 2445 Dei
653 2410 718 2447 iudicio
732 2413 788 2460 gratia

54 2467 127 2517 spiritus
140 2465 196 2501 sancti
209 2464 304 2509 amittitur,
316 2465 392 2512 quoties,
402 2477 440 2501 earn
450 2466 479 2514 qui
493 2465 551 2510 habet,
561 2468 579 2503 in
588 2468 688 2516 superbiam
702 2469 786 2508 elevatur.

54 2528 119 2565 Omnis
133 2525 188 2568 enirn,
203 2525 265 2573 quise
279 2523 368 2570 humiliat,
382 2524 497 2561 exaltabitur:
511 2537 527 2563 et
540 2527 570 2575 qui
583 2541 602 2564 se
616 2528 689 2576 exaltat,
704 2529 787 2568 humilia·
807 2530 838 2559 Lac.
848 2533 868 2559 18·

53 2587 106 2624 bitur.
123 2585 170 2621 Hinc
187 2585 252 2620 iterum
270 2582 312 2619 dicit
325 2582 446 2633 Omnipotens
464 2585 522 2624 Deus:
542 2587 598 2636 Super
614 2601 667 2637 quem
688 2590 787 2639 requiescet
806 2595 868 2633 131199.

54 2646 126 2696 spiritus
140 2657 199 2690 meus,
209 2643 243 2680 nisi
253 2655 305 2692 super
316 2643 409 2690 humilem,
419 2655 436 2682 et
449 2645 536 2695 quietum,
546 2656 563 2684 et
572 2656 679 2687 trementem
694 2662 787 2689 sermones
