1968 3023
56 474 138 501 Contestatio

16 530 18 532 .
53 510 89 535 loau.
97 509 139 544 Chry·

51 551 113 577 sostomry
126 546 139 571 in

52 579 87 605 initio
97 585 139 607 teuta·

51 614 94 640 tionis.

71 664 109 691 Ezec.
119 666 139 692 18.

78 1777 107 1803 Esa
117 1783 138 1811 59.=

67 1812 136 1838 Peccatum

48 1847 106 1872 auettita
113 1855 137 1872 110-

48 1882 67 1907 bis
75 1881 136 1907 auxilium

49 1916 78 1942 Dei.

79 2030 114 2056 Hier.
124 2037 135 2064 ς.

161 161 184 199 24
299 148 326 186 Da
339 147 412 194 lectione,
426 154 440 184 11
453 146 505 185 studio
519 146 616 185 diuinarum
628 147 753 198 scripturaram.

161 229 192 279 qui
204 237 282 266 tentatus
295 241 304 265 a
318 226 395 272 diabolo,
405 227 500 277 tranquilla
513 226 649 264 mansuetudine
663 228 681 265 in
694 227 758 266 faciem
767 229 805 266 eius
818 230 892 278 scriptu-

159 301 218 326 rarum
228 289 334 325 Divinarum
347 288 450 325 testimonia
463 286 720 336 111111111111111111,311111111111
732 298 764 335 est,
773 301 810 326 non
823 290 841 326 in
854 288 892 326 solo

159 360 203 397 pane
216 347 260 384 uiuit
273 346 335 391 homo,
349 346 380 383 sed
393 347 412 382 in
425 346 474 383 omni
487 344 546 390 verbo,
556 345 605 394 quod
618 346 699 393 procedit
712 346 732 383 ab
746 360 777 385 ore
787 348 826 385 Dei.
839 348 861 385 Et
874 358 892 386 tu

159 408 251 453 monache,
260 406 333 444 Christo
342 405 429 451 militans,
440 406 588 454 quotiescumque
598 406 671 443 tentaris
680 419 690 442 a
699 405 777 453 diabolo,
788 406 843 445 fronti
851 421 893 445 mou

159 467 259 516 imprimito
272 467 344 515 signum
357 476 428 502 sanctae
442 464 506 509 crucis,
522 473 539 499 et
551 463 605 500 dicito
623 477 664 501 cum
681 476 742 503 sancto
756 466 822 504 Ioanne
835 467 892 515 Chry-

159 535 240 564 sostomo
254 526 272 562 in
285 524 359 563 homilia
373 523 455 573 quadarn:
464 522 579 561 Ahrenuncio
588 522 627 571 tibi,
636 533 703 571 satana,
714 539 754 563 cum
764 526 846 564 omnihus
860 527 892 564 1111-

159 585 255 636 quitatibus
273 586 314 631 tuis,
327 594 344 620 et
357 582 447 630 coniungo
465 595 494 618 me
511 581 550 628 nbi,
565 583 604 619 lesu
618 582 689 621 Christe
706 583 731 621 fili
744 585 778 622 Dei
795 587 837 633 uiui,
852 587 892 635 quia

159 646 245 694 scriptum
262 653 294 682 est:
308 643 378 686 11111111,
392 654 437 691 quae
454 642 560 690 peccaverit,
574 643 616 690 ipsa
629 643 721 681 morietur.
735 645 769 681 Hic
785 655 812 682 est
824 645 892 695 gladius

158 706 231 755 spiritus
239 703 260 741 ab
269 715 343 752 utraque
356 712 405 751 parte
414 702 536 747 acutissimus,
546 715 600 751 quem
613 702 628 738 si
641 702 722 740 titanibus
735 705 753 741 111
766 704 837 742 hostem
850 718 892 742 mon

159 781 169 805 a
181 765 269 816 principio
282 762 385 800 tentationis
401 774 472 809 semper
485 760 588 808 vibraveris,
602 773 673 799 cunctas
690 764 727 801 eius
745 765 891 812 machinationes,

159 838 175 865 et
189 824 261 862 insidias
275 823 313 859 Deo
326 830 432 871 protegente
445 820 496 857 facile
509 820 607 869 superabis.
616 822 664 859 Dicit
678 823 725 860 enirn
738 824 830 872 scriptura,
844 825 892 863 Resi-

159 887 199 924 stite
213 882 289 926 diaholo,
303 892 320 919 et
333 880 390 929 lugiet
404 894 413 917 a
426 879 483 917 uobis.
492 880 553 929 ltaque
563 893 615 917 mane
628 881 650 919 de
663 891 719 919 strato
730 896 839 934 consurgens
853 897 891 921 eam

158 958 201 983 mox
214 943 275 989 facito,
286 954 339 992 quam
353 941 389 977 111111
403 950 464 976 contra
477 939 539 976 salutis
553 950 594 977 tuae
602 939 723 979 aduersarium
733 945 890 982 contestationem:

157 1016 174 1044 et
181 1018 238 1055 neque
245 1002 332 1048 diabolus,
341 1014 399 1051 raeque
408 1000 464 1038 homo
473 1012 568 1050 perversus
576 1000 609 1037 tihi
618 1014 683 1039 nocere
692 1004 757 1052 poterit
766 1003 891 1049 incantatione,

148 1075 188 1113 ι1111
200 1063 295 1109 maleficio,
304 1063 341 1099 siue
350 1061 440 1110 spaticutn
453 1061 476 1097 sit
488 1060 538 1104 illud,
548 1062 585 1097 siue
599 1061 653 1099 aliud.
662 1062 702 1098 Hoc
714 1063 773 1113 ipsum
782 1063 891 1101 dormiturus

158 1125 179 1163 ad
192 1133 265 1162 noctem
282 1121 348 1160 facito:
364 1131 381 1157 et
394 1120 464 1170 quoties
482 1120 560 1169 aliquam
573 1121 592 1157 in
605 1122 714 1171 cogitatione
730 1123 804 1171 maligni
819 1124 891 1172 spiritus

158 1184 258 1234 perceperis
268 1184 360 1231 insurgere
369 1181 492 1218 tentationem.
502 1180 566 1230 Sicque
575 1190 625 1217 tutus
635 1182 668 1219 eris
681 1182 699 1218 111
712 1181 794 1219 omnihus
804 1183 837 1220 viis
850 1183 890 1229 tuis,
926 1173 927 1176 Ἴ

159 1243 251 1292 fugietque
264 1240 326 1290 procul
339 1253 349 1276 a
362 1248 379 1276 te
392 1237 479 1285 diabolus,
492 1251 525 1275 nec
538 1238 571 1276 tibi
584 1239 655 1276 audebit
668 1239 750 1277 accedere
763 1242 842 1291 propius,
857 1242 891 1279 nisi

159 1313 188 1340 tua
201 1311 219 1339 te
232 1300 302 1350 ignauia
320 1298 460 1347 supplantaverit
472 1299 491 1334 in
503 1299 572 1346 primis,
586 1308 611 1343 ut,
624 1299 653 1336 vel
669 1298 753 1336 abieceris
766 1299 851 1349 gladium,
863 1302 891 1339 vel

159 1361 235 1411 mortale
249 1359 322 1409 aliquod
335 1358 448 1395 commiseris
461 1367 560 1407 peccatum.
573 1358 605 1394 Ait
617 1371 693 1408 namque
707 1360 803 1407 scriptura:
818 1360 855 1404 Qui
867 1359 891 1398 fa-

158 1422 207 1458 ciunt
214 1420 332 1469 iniquitatem,
341 1428 358 1454 et
367 1427 465 1465 peccatum,
475 1416 536 1454 hostes
546 1426 587 1454 sunt
596 1417 665 1455 animae
674 1431 721 1456 suae.
728 1418 813 1456 Salomon
820 1432 891 1469 quoque
945 1444 947 1447 -

158 1480 201 1517 dicit
214 1480 232 1516 111
245 1476 351 1515 Proverbiis:
361 1476 465 1525 Iniquitates
474 1489 516 1512 suae
530 1478 601 1525 capiunt
615 1477 701 1526 impium:
716 1489 733 1515 er
746 1476 817 1514 funibus
830 1491 890 1528 pecca-

157 1549 217 1576 torum
227 1550 301 1575 suorum
311 1536 445 1585 constringitur.
455 1536 495 1585 lpse
504 1537 598 1583 morietur,
608 1538 692 1585 quianon
702 1536 762 1574 hahuit
771 1536 890 1587 disciplinam:

157 1609 174 1636 et
188 1599 206 1634 111
218 1597 334 1634 multitudine
347 1596 433 1632 stultitiae
446 1608 488 1632 suae
502 1595 605 1644 decipietur.
618 1595 693 1642 Idcirco,
708 1596 771 1633 fratres
785 1597 890 1645 charissimi,

156 1659 171 1695 si
184 1657 262 1694 hahitare
274 1655 305 1693 sub
314 1656 427 1704 protectione
436 1655 566 1703 ornttipotentis
575 1655 610 1691 Dei
619 1668 680 1692 secure
689 1656 787 1699 uolueritis,
796 1667 889 1706 peccatum

156 1717 213 1765 fugite
221 1730 225 1753 :
234 1716 275 1765 quia
284 1724 377 1764 peccatum
386 1727 419 1751 nos
429 1726 438 1750 a
447 1713 517 1751 domini
526 1714 592 1751 11011110
602 1714 672 1752 dividit:
686 1715 837 1764 quemadmodum
850 1706 890 1755 con·

156 1777 241 1814 scientiae
250 1776 323 1824 puritas,
333 1785 350 1811 et
359 1773 447 1811 munditia
456 1766 496 1810 Deo
508 1786 543 1810 nos
552 1775 651 1822 coniungit,
660 1774 730 1812 dicente
739 1775 790 1811 Esaia
797 1776 889 1825 propheta,

157 1836 200 1873 Ecce
209 1848 246 1873 nou
255 1844 282 1871 est
291 1834 390 1871 abbreviata
399 1846 462 1870 nmuus
472 1834 551 1878 Domini,
560 1843 579 1869 ut
592 1833 660 1871 salvare
669 1845 750 1883 nequeat,
760 1847 816 1883 neque
829 1848 890 1885 aggra-

156 1905 197 1933 vata
210 1905 236 1933 est
250 1895 296 1931 auris
309 1895 353 1940 eius,
365 1905 384 1931 ut
397 1906 433 1930 non
446 1893 534 1940 exaudiat,
550 1894 581 1930 sed
594 1894 695 1943 iniquitates
710 1905 779 1932 vestrae
792 1896 889 1935 diviserunt

158 1956 204 1991 inter
217 1967 255 1998 vos,
263 1962 281 1990 et
289 1953 348 1990 Deum
357 1963 442 1996 vestrum,
453 1963 470 1990 et
483 1962 555 2002 peccata
564 1962 623 1990 uestra
636 1953 766 1991 absconderunt
775 1954 837 1993 fiaciem
851 1957 889 1993 eius

156 2029 165 2052 a
178 2013 236 2061 vohis,
250 2027 272 2050 ne
286 2013 383 2050 exaudiret.
393 2014 493 2050 Hieremias
507 2027 578 2063 quoque
592 2015 626 2050 ait:
641 2015 745 2063 iniquitates
753 2026 823 2053 nostrae
836 2016 889 2053 decli-

108 2115 110 2117 ,
156 2083 242 2111 naverunt
255 2073 303 2117 haec,
318 2082 335 2109 et
348 2082 420 2121 peccata
433 2084 495 2110 nostra
507 2073 638 2122 prohibuerunt
651 2073 718 2111 bonum
731 2074 810 2112 anobis.
824 2076 889 2114 Omnis

56 2624 68 2647 1,
77 2617 112 2646 Τ11ι1,
122 2629 133 2655 3,

156 2133 210 2178 enim,
229 2133 259 2182 qui
277 2131 376 2169 mortaliter
393 2140 462 2180 peccat,
477 2133 548 2168 ianuam
568 2132 626 2169 cordis
644 2134 671 2169 sui
688 2132 758 2171 diabolo
775 2135 837 2183 aperit,
850 2136 888 2173 Deo

155 2192 225 2238 claudit,
234 2206 267 2230 nec
276 2202 335 2241 potest
348 2193 366 2229 itt
379 2192 489 2230 adiutorium
498 2193 588 2229 Altissimi
598 2193 692 2236 confidere,
702 2194 786 2243 quamdiu
797 2196 834 2232 sine
847 2208 888 2244 poe-

154 2254 228 2290 nitentia
241 2253 260 2289 111
273 2253 339 2290 scelere
351 2252 469 2301 permanserit
482 2252 544 2290 iacere.

236 2424 263 2456 De
277 2425 346 2458 lectione,
357 2427 372 2454 ct
381 2424 433 2455 siradio
443 2425 534 2456 dt'at'aarmu
544 2426 669 2465 terminatarum.
680 2424 751 2456 [intralia
761 2426 805 2458 IIII.

199 2563 225 2589 ult
238 2551 296 2589 omnis
308 2551 394 2599 scriptura
404 2550 489 2588 diuinitus
499 2552 589 2600 inspirata,
599 2561 618 2589 ut
627 2564 675 2589 sacer·
685 2550 816 2600 Christophilus
826 2552 887 2601 inquit,

155 2566 257 2658 Cutilis
275 2612 298 2648 sit
311 2611 332 2648 ad
346 2610 455 2657 docendum,
468 2611 496 2648 vel
510 2612 531 2648 nd
545 2612 663 2661 arguendum,
678 2612 699 2648 ad
715 2611 854 2659 corripiendum,
867 2612 888 2650 ad

154 2671 271 2710 erudiendum
285 2672 303 2708 iu
312 2671 386 2718 iustitia7
395 2680 415 2707 ut
429 2671 518 2720 perlectus
527 2673 549 2709 sit
558 2673 614 2710 horno
623 2673 664 2720 Dei,
674 2673 696 2710 ad
705 2686 759 2711 omne
767 2684 812 2721 opus
822 2672 888 2711 bonum
