1968 3023
415 171 492 209 Humilia
505 170 543 208 XV.
814 182 846 217 105

110 252 156 293 bona
169 265 257 304 operatur,
271 255 285 290 si
299 267 356 304 usque
369 253 391 290 ad
404 255 457 291 linem
470 254 515 291 vitae
528 254 611 302 religiosa
625 254 724 291 intentione
737 253 790 290 luerit
804 265 846 289 con-

111 315 183 352 tinuata.
197 316 257 363 Auget
275 314 323 351 enirn
341 315 359 350 111
373 314 435 362 primis
453 314 546 358 metitum,
560 324 577 350 et
591 314 647 350 nutrit
663 314 681 350 111
699 312 750 350 nobis
765 313 846 350 omnium

110 387 175 423 genera
193 376 287 412 virtutum.
303 374 397 418 Quaenam
414 374 448 410 fuit
466 386 527 419 causa,
543 384 562 410 ut
579 373 642 421 primis
660 372 761 420 parentibus
781 372 846 409 nostris

112 435 225 482 omnipotens
239 435 287 471 Deus
301 447 351 471 esum
369 434 418 481 pomi
434 432 466 469 sub
480 433 624 470 interminatione
642 432 706 469 mortis
724 431 846 476 interdiceret,

111 492 144 529 nisi
153 504 171 528 uc
182 492 206 528 eis
217 493 323 530 meritorum
333 505 403 529 causam
413 504 444 541 per
453 492 565 529 obedientiae
574 490 642 528 bonurn
653 490 767 528 ostenderet?
776 490 847 526 Creavit

111 553 165 597 enim,
174 561 250 589 testante
261 552 358 600 Scriptura,
368 552 413 589 duos
426 552 527 589 intellectus
541 550 561 588 ab
574 552 633 596 initio,
643 550 745 598 angelicam
759 549 847 596 videlicet,

111 621 129 647 et
141 610 246 657 humanum,
256 610 320 658 quibus
330 610 351 647 ad
360 610 463 648 fruitionem
473 622 554 648 aeternae
564 611 655 648 felicitatis
669 622 699 657 per
712 609 788 659 gratiam
799 621 847 645 cotn-

111 670 208 706 municaret
222 670 344 718 semetipsum.
355 670 442 714 Quamvis
455 681 514 708 tamen
528 681 617 719 utrunque
630 670 730 719 engratiae
744 682 785 706 suae
799 669 847 707 dono

112 728 197 774 condidit,
212 727 251 765 fieri
265 739 351 777 perpetuo
365 727 424 766 felices
438 731 491 766 etiam
505 742 526 766 ex
539 731 604 767 metito
619 742 682 767 eorum
698 730 772 778 proprio
786 729 846 765 rectis-

111 789 155 825 sime
168 787 267 825 ordinavit:
282 797 368 836 quatenus
383 788 400 824 in
414 788 444 834 eis,
458 800 474 824 et
488 789 579 826 miseratio
593 789 663 832 locum,
678 799 696 828 et
709 789 803 825 conversio
817 800 846 824 ne-

112 848 207 884 cessarium
226 846 247 883 ad
265 846 341 883 salutent
360 858 497 896 consequeretur
513 848 602 885 meritum.
617 848 715 896 Angelicus
732 849 775 885 vero
793 846 847 883 intel-

111 906 169 949 lectus
179 906 241 943 statim
254 905 335 942 bifariam
346 905 413 943 divisus
426 916 458 952 est,
467 920 508 943 cum
521 907 559 944 aliis
573 920 603 956 per
614 907 709 944 elationem
719 920 769 944 suam
783 916 847 955 sponte

111 965 239 1009 corruentibus,
249 964 279 1002 alii
292 977 325 1002 suo
339 977 370 1013 per
381 978 461 1002 amorem
470 966 559 1014 Principio
569 966 655 1011 humiles,
665 976 682 1002 et
698 965 772 1002 subiecti
785 964 846 1002 adhae·

110 1036 177 1062 serunt.
191 1025 212 1061 Et
226 1024 251 1061 illi
266 1023 338 1073 quidem
352 1035 471 1073 apostatantes
489 1038 498 1061 a
512 1038 544 1062 suo
558 1025 658 1074 Principio,
673 1024 752 1061 infelices
769 1037 846 1061 recesse-

111 1094 160 1128 runt,
175 1084 204 1121 isti
219 1093 280 1121 autern
298 1096 330 1131 pro
344 1083 456 1121 adhaesionis
473 1084 536 1121 merito
554 1085 663 1132 sempiterna
682 1083 790 1121 beatitudine
806 1094 847 1120 sunt

111 1143 176 1181 donati.
191 1143 287 1180 Humanus
300 1139 348 1180 'vero
361 1143 462 1180 intellectus
475 1144 493 1179 in
509 1156 580 1180 cararent
598 1143 686 1180 demissus
700 1153 737 1190 est,
751 1143 781 1192 qui
795 1156 845 1189 mort,

111 1203 228 1251 persuadente
242 1201 318 1246 diabolo,
332 1202 435 1247 mandatum
449 1204 483 1239 Dei
496 1202 629 1253 transgreditur,
639 1213 656 1239 et
670 1202 691 1239 de
705 1202 801 1240 interdicto
814 1201 847 1239 sibi

111 1261 150 1300 cibo
168 1262 254 1311 epulatur.
273 1262 321 1298 Hinc
338 1263 393 1299 totius
411 1263 484 1299 humani
500 1263 571 1311 generis
588 1262 666 1310 perditio
684 1264 774 1311 sequitur,
793 1275 846 1311 qrrarn

111 1321 180 1358 auferre
192 1321 243 1367 alius,
253 1334 305 1369 quam
315 1322 349 1358 Dei
362 1321 409 1358 filius
420 1321 475 1359 homo
488 1321 544 1359 factus
558 1335 579 1359 ex
593 1323 663 1371 virgine
673 1334 705 1370 pro
719 1321 778 1367 nobis,
789 1322 847 1370 potuit

110 1393 170 1416 nemo.
184 1379 234 1424 Quid
247 1380 295 1416 enim
309 1378 399 1416 damnavit
413 1390 547 1429 protoparentes
557 1390 636 1425 nostros,
651 1380 685 1416 nisi
699 1379 777 1417 mandati
792 1390 847 1431 trans-

110 1440 187 1488 gressio;
202 1440 288 1488 quoniam
306 1453 342 1476 nou
355 1439 389 1475 fuit
402 1440 441 1477 Deo
455 1452 495 1476 cura
508 1439 529 1475 de
543 1438 587 1484 cibo,
598 1438 629 1475 sed
643 1439 664 1476 de
679 1438 785 1476 obedientia.
799 1439 845 1476 Nam

110 1499 124 1534 si
137 1497 251 1535 abstinuisset
264 1498 327 1544 homo,
342 1499 388 1535 sicut
401 1499 416 1536 ei
430 1509 542 1548 praeceperat
555 1499 671 1546 omnipotens
685 1499 738 1541 Deus,
754 1508 801 1535 certe
816 1511 847 1546 per

110 1556 155 1593 hanc
169 1555 289 1594 obedientiam
303 1558 397 1593 meruisset
411 1557 433 1594 in*
442 1569 473 1593 sua
482 1557 584 1594 innocentia
593 1555 698 1594 fruitionem
713 1565 795 1594 aeternae
809 1557 846 1593 feli-

111 1616 173 1653 citatis¹
192 1615 267 1653 Constat
285 1617 333 1652 enim
350 1615 446 1652 traditione
460 1616 591 1667 Scripturarum
611 1615 705 1653 hominem
725 1616 762 1653 sine
781 1617 846 1653 merito

109 1673 158 1712 liberi
171 1673 239 1712 arbitrii
252 1688 288 1711 non
306 1687 359 1722 posse
372 1675 444 1718 salvari,
459 1676 542 1724 quoniam
556 1684 573 1711 et
586 1675 600 1710 si
614 1675 670 1724 gratia
684 1675 717 1711 Dei
731 1675 792 1711 omnia
804 1687 845 1724 ope·

110 1744 158 1772 ratur
172 1737 189 1772 in
203 1734 292 1781 omnibus,
305 1735 396 1772 neminem
410 1744 470 1771 tamen
483 1734 556 1772 salvabit
571 1736 609 1771 sine
623 1736 751 1784 cooperatione
765 1736 847 1785 propriae

109 1795 212 1838 voluntatis,
222 1796 302 1843 exceptis
316 1794 400 1832 duntaxat
413 1796 431 1832 in
441 1796 535 1832 Trinitatis
549 1796 621 1833 nomine
635 1787 729 1845 baptizatis
742 1794 845 1841 infantibus,

110 1863 126 1890 et
142 1855 172 1902 qui
185 1853 262 1891 liberum
280 1853 344 1891 habere
357 1864 448 1903 nequeunt
465 1867 517 1891 usum
534 1855 615 1892 rationis.
630 1855 676 1890 Nam
694 1855 740 1891 sicut
754 1853 847 1891 arbitrium

110 1912 184 1950 liberum
199 1913 243 1950 nihil
257 1924 342 1962 operatur
355 1912 376 1950 ad
390 1913 464 1950 salutem
477 1915 516 1951 sine
529 1914 584 1962 gratia
597 1914 699 1960 salvatoris,
708 1915 734 1950 sic
742 1914 778 1950 Dei
791 1915 846 1963 gratia

110 1984 144 2009 non
158 1972 233 2009 salvabit
247 1972 327 2009 adultum
338 1973 375 2009 sine
385 1973 448 2009 merito
459 1972 515 2009 bonae
528 1972 630 2010 voluntatis.
640 1973 712 2010 Primus
722 1984 781 2010 autem
790 1974 846 2011 horno

109 2032 127 2068 in
139 2031 223 2069 Paradiso
238 2032 312 2080 positus
326 2031 464 2081 mandatumque
477 2032 511 2068 Dei
523 2045 554 2080 per
566 2033 703 2080 temperantiam
717 2042 845 2081 transgressus,

110 2091 195 2128 meritum
209 2090 320 2128 obedientiae
335 2091 352 2127 in
365 2090 411 2128 bona
428 2092 519 2128 voluntate
532 2104 568 2129 non
584 2091 656 2137 habuit,
671 2102 766 2140 propterea
779 2093 844 2137 miser,

110 2161 127 2186 et
141 2149 202 2187 infelix
215 2152 306 2200 proiectus
319 2150 359 2187 fuit.
369 2150 402 2187 Sed
416 2151 545 2199 omnipotentis
559 2151 592 2188 Dei
606 2151 699 2188 miseratio
714 2151 811 2199 collapsum
826 2164 846 2187 ex

110 2209 211 2246 infirmitate
225 2209 324 2246 reformare
337 2208 357 2245 ab
371 2211 475 2246 aeternitate
485 2211 550 2254 statuit,
560 2223 612 2258 quem
627 2209 721 2258 deceptum
735 2209 791 2246 invidi
804 2222 845 2259 sug-

110 2268 192 2317 gestione
205 2269 293 2317 serpentis
307 2269 372 2316 potins,
386 2281 438 2318 quam
452 2270 524 2317 propria
537 2270 609 2316 malitia,
619 2282 655 2307 non
669 2269 764 2317 ignoravit.
774 2269 846 2306 Condo·

110 2328 157 2364 navit
174 2327 222 2364 hunc
240 2337 309 2364 reatum
327 2328 417 2376 passioni,
432 2337 449 2364 et
462 2329 516 2365 morti
530 2329 615 2378 unigeniti
633 2328 665 2365 filii
678 2329 716 2374 sui,
729 2329 747 2364 in
765 2339 846 2377 tempore

109 2386 197 2422 nascentis
214 2385 235 2422 de
248 2387 329 2435 virgine,
343 2397 362 2422 ut
376 2388 406 2435 qui
420 2388 489 2434 propria
503 2388 603 2424 temeritate
619 2388 673 2436 petit,
688 2386 790 2423 mediatoris
804 2385 845 2423 obe-

109 2444 175 2488 dientia
194 2444 323 2482 reformaretur
343 2445 365 2481 ad
382 2446 462 2483 salutem.
480 2445 591 2495 impossibile
608 2459 685 2495 namque
703 2445 737 2482 fuit
756 2446 845 2495 perditum

99 2517 139 2554 *per
152 2502 293 2541 inobedientiam
306 2517 362 2552 genus
376 2504 474 2542 humanum
488 2505 509 2542 ad
523 2504 665 2542 misericordiam
681 2506 767 2542 creatoris
784 2518 846 2554 perve-

109 2565 151 2608 nire,
164 2565 198 2601 nisi
212 2576 243 2612 per
257 2563 376 2601 obedientiam
389 2563 428 2600 talis
442 2563 550 2609 mediatoris,
560 2566 589 2613 qui
599 2565 648 2601 Deus
662 2573 714 2608 esset,
725 2574 742 2601 et
755 2564 818 2611 horno,
828 2567 846 2602 111

109 2637 144 2672 quo
158 2635 175 2660 et
183 2621 239 2660 virtus
253 2632 299 2660 esset
309 2623 407 2671 potentiae,
418 2633 434 2659 et
446 2623 546 2661 innocentia
560 2634 637 2660 naturae.
647 2623 722 2660 Erarnus
736 2625 785 2661 enim
799 2626 846 2662 caeci

109 2696 140 2732 per
153 2673 279 2732 ignorantiam,
295 2691 312 2718 et
325 2682 372 2718 inuti
389 2695 420 2731 per
437 2684 582 2721 taciturnitatem.
596 2684 652 2720 Venit
668 2683 757 2721 mediator
770 2684 814 2728 Dei,
828 2694 846 2721 et

885 379 955 405 Abstinen-

869 416 885 440 tia
899 414 955 440 multum

868 449 903 475 addit
908 450 956 475 namt.

866 2691 903 2717 10011.
913 2700 924 2717 1.
