1968 3023
62 315 73 333 1.
82 306 110 333 Pet.
120 312 132 339 ς.

61 603 102 629 Arata
111 601 132 628 ad-

44 646 89 664 versus
108 637 132 663 ho-

44 679 71 698 stes
92 672 132 706 longe

44 707 128 734 validissima.

89 786 132 813 Fides.

67 1014 132 1041 Charitas.

58 1079 132 1106 humilitas.

81 1196 132 1224 Thuor.

64 1252 101 1279 ioan.
111 1259 141 1284 14..

58 1375 88 1401 Dux
94 1375 132 1402 Chri·

44 1415 76 1437 stus.

54 1497 64 1515 1,
74 1489 110 1515 ioan.
120 1496 132 1515 a.

70 1553 101 1580 Luc.
110 1560 131 1582 aa.

61 1678 100 1703 Aeto.
110 1683 130 1709 14.

76 1740 109 1767 Mar.
118 1740 130 1767 Β.

62 1855 108 1891 Philip.
118 1863 130 1882 2.

151 218 163 253 6
353 213 380 253 Da
392 213 453 253 utilitia
466 213 548 264 spirituali
561 213 687 254 Motzncboraur.

151 291 230 331 tionem:
246 303 265 330 ut
278 307 370 344 nunqnam
384 295 426 332 ocio
439 303 531 342 torpentes
544 293 703 342 perniciosissimo,
713 295 731 332 in
741 308 798 345 agone
811 296 883 333 militari

152 354 173 391 ab
182 353 235 391 hoste
248 355 347 400 vincamur,
356 354 386 402 qui
396 364 479 402 tanquam
489 353 517 389 leo
526 353 598 402 rugiens
611 353 673 399 circuit
686 366 771 402 quaerens
785 348 882 399 incautum,

151 424 168 450 et
181 412 326 461 languescentem
340 413 407 458 animo,
418 424 471 460 quem
481 411 555 448 devoret
567 422 678 460 pereuntem.
687 411 754 450 Milites
764 414 811 451 euim
821 427 883 451 sumus

151 473 184 510 Dei
194 482 256 510 contra
265 472 386 510 adversarium
400 470 489 520 triplicem
498 479 604 520 pugnantes,
614 483 683 508 carnem
693 471 781 517 videlicet,
791 473 884 517 mundum,
924 490 925 493 ¹

152 542 170 569 et
183 531 280 570 diabolum.
300 532 371 580 Anceps
391 523 465 576 bellum,
477 539 495 566 et
508 530 562 566 nimis
581 529 646 567 durum
666 541 760 576 certamen,
778 532 829 570 illurn
847 534 883 582 pati

152 592 229 639 hostem,
243 604 297 641 quem
310 601 372 628 natura
388 589 437 627 dedit
456 588 568 626 familiarem.
585 590 682 626 Armenius
699 604 732 628 nos
749 591 804 640 igitur
821 591 883 630 fratres

153 652 253 690 charissimi
266 650 376 688 ornamentis
389 650 486 687 virtutum:
500 650 586 698 quoniam
599 662 635 687 non
644 650 694 687 facile
704 650 724 688 ab
735 651 835 689 adversario
844 653 882 689 vin-

152 712 203 756 citur,
217 711 297 761 quisquis
311 709 401 747 bonorum
415 700 490 758 operum
503 707 598 757 splendore
615 708 713 748 decoratur.
727 710 745 747 [n
762 712 824 760 primis
842 724 883 748 mu·
931 757 932 760 Ἰ

152 773 222 809 niamns
236 784 268 808 nos
281 769 316 807 fide
330 769 475 807 constantissima
488 769 567 813 Sanctae,
577 782 597 806 ac
606 768 710 807 individuae
721 769 822 808 Trinitatis:
833 771 883 808 cuius

153 831 222 877 devota,
232 840 249 868 et
258 842 331 879 syncera
345 830 414 872 mentis,
425 837 441 865 et
451 829 487 865 oris
497 828 593 874 confessio,
608 838 679 866 cunctas
693 829 801 867 daemonum
814 830 882 880 iniquas

152 891 298 934 machinationes,
312 899 330 925 et
343 888 413 925 fraudes
427 887 489 936 procul
502 887 589 933 eliminat,
604 898 621 924 et
632 889 730 925 inanimum
744 889 814 926 hostem
824 888 882 927 devin-

153 964 193 989 cens
206 950 310 999 prosternit,
324 961 344 986 ac
357 948 428 997 penitus
443 956 519 985 enervat.
533 947 646 996 Arripiamus
659 946 722 985 deinde
730 947 781 986 nobis
791 948 883 987 ferventis-

152 1013 216 1049 sitnam
230 1010 269 1054 Det,
283 1019 300 1046 et
314 1009 391 1058 proximi
405 1008 515 1053 charitatem,
529 1020 574 1056 quae
587 1006 703 1045 daemonibus
717 1009 843 1057 superomnia
857 1020 883 1046 est

153 1069 276 1113 formidabilis,
291 1068 367 1105 aravime
380 1068 395 1104 si
408 1067 426 1103 in
442 1079 483 1104 vera
500 1066 601 1103 humilitate
617 1066 711 1105 christiana
728 1067 781 1106 fuerit
800 1069 882 1106 radicata.

152 1130 193 1168 Non
207 1129 270 1166 demus
283 1128 352 1165 animae
365 1136 437 1164 nostrae
451 1125 582 1170 confidentiam,
595 1127 678 1174 quoniam
692 1125 753 1164 beatus
767 1126 838 1173 dicitur,
853 1129 883 1177 qui

152 1201 224 1238 semper
237 1199 263 1225 est
276 1187 360 1237 pavidus:
374 1187 404 1235 qui
417 1196 477 1223 autem
490 1186 557 1223 mentis
571 1192 600 1222 est*
612 1185 673 1232 durae,
688 1196 758 1224 corruet
774 1188 792 1223 iu
809 1188 883 1225 malum.

152 1250 222 1286 Ducem
235 1257 317 1285 nostrum
331 1259 427 1296 sequamur
440 1245 547 1290 Christum,
555 1246 585 1294 qui
595 1246 613 1282 in
622 1245 718 1294 Evangelio
727 1245 781 1283 dixit:
792 1247 830 1296 Ego
843 1260 882 1284 sum

152 1310 185 1352 via,
198 1309 271 1353 veritas,
286 1316 303 1344 et
315 1307 359 1352 vita,
374 1306 414 1355 quia
427 1318 481 1342 nemo
494 1305 544 1341 venit
557 1303 579 1341 ad
593 1305 673 1349 Patrem,
687 1305 721 1342 nisi
738 1318 769 1354 per
782 1319 816 1344 me.
830 1307 883 1344 Nunc

152 1380 195 1416 ergo
209 1365 272 1403 iratres
286 1363 372 1402 attendite
386 1364 419 1406 his,
433 1375 477 1411 quae
491 1363 509 1399 in
522 1362 587 1399 sanctis
601 1362 692 1411 scripturis
707 1363 728 1400 de
743 1362 834 1401 Salvatore
851 1377 883 1401 no-

152 1436 189 1462 stro
202 1424 293 1474 leguntur,
307 1423 391 1471 quoniam
405 1423 434 1471 qui
448 1421 491 1458 dicit
504 1434 523 1458 se
538 1421 556 1458 in
570 1422 651 1471 Christo,
665 1418 698 1460 hoc
715 1430 741 1459 est
758 1424 787 1459 via
802 1423 881 1460 veritatis

152 1496 230 1530 manere,
244 1482 313 1520 studeat
327 1483 373 1518 sicut
386 1481 415 1518 ille
429 1480 532 1527 ambulavit,
541 1492 558 1518 et
571 1480 609 1530 ipse
622 1480 717 1519 ambulare.
727 1481 814 1530 Oportuit
823 1493 882 1520 autem

152 1543 203 1580 illum
217 1542 296 1591 primum
309 1541 346 1589 pati
359 1539 477 1589 opprobrium
491 1541 555 1586 crucis,
570 1550 586 1576 et
600 1541 625 1577 sic
638 1541 702 1578 intrare
712 1542 729 1578 in
738 1541 814 1590 gloriam
823 1555 881 1589 suam,

152 1616 188 1653 quo
201 1613 323 1644 moneremur,
337 1609 354 1636 et
367 1612 400 1636 nos
414 1598 479 1636 milites
493 1599 531 1636 eius
545 1601 625 1648 quamvis
636 1599 708 1649 indigni,
718 1601 802 1649 quoniam
812 1610 883 1649 oportet

151 1675 184 1700 nos
198 1674 230 1710 per
243 1660 308 1697 multas
322 1658 447 1696 tribulationes
461 1659 526 1696 intrate
540 1659 558 1695 in
570 1659 700 1707 regnmnDei.
714 1659 782 1697 idcirco
795 1660 883 1698 Dominus

152 1722 189 1772 ipse
203 1721 240 1758 Rex
256 1719 381 1755 universorum
395 1730 428 1753 nos
446 1717 539 1754 admonuit
552 1718 570 1753 in
584 1717 685 1766 Ev'rtugelio,
703 1718 773 1756 dicens:
793 1718 829 1763 Qui
845 1720 883 1756 vult

149 1781 209 1818 venire
223 1788 264 1829 post
277 1791 312 1822 me,
326 1777 402 1826 abneget
415 1777 538 1825 semetipsum,
552 1776 633 1834 ettollat
647 1789 717 1814 crucem
730 1791 780 1815 suam
794 1779 880 1828 quotidie,

151 1851 168 1877 et
181 1848 266 1888 sequatur
279 1851 313 1874 me.
327 1837 373 1873 Ecce
386 1835 469 1873 Christus
482 1836 510 1872 via
523 1835 575 1871 nobis
588 1837 609 1872 ad
623 1836 677 1874 vitam
690 1847 780 1875 aeternam
796 1840 882 1888 proponi-

151 1910 185 1943 tur,
198 1900 229 1948 qui
248 1910 288 1934 cum
309 1907 356 1934 esset
373 1896 462 1932 Dominus
483 1895 590 1941 caelestium,
604 1898 767 1943 etmuudauorum,
781 1910 813 1946 pro
831 1898 882 1936 nobis

151 1958 249 1996 exinanivit
262 1957 379 2004 semetipsum
393 1955 470 1992 formam
484 1955 530 1991 servi
544 1955 637 2003 accipiens,
652 1956 669 1992 in
683 1969 717 2005 qua
729 1957 835 2002 voluntarie,
845 1970 882 1995 non

151 2027 228 2061 coactus,
241 2016 312 2053 infirma
327 2025 389 2052 nostra
402 2015 486 2063 portavit,
500 2013 557 2050 factus
567 2015 615 2051 Patri
628 2013 711 2052 obediens
725 2029 780 2065 usque
794 2009 881 2054 admor-

135 2089 195 2115 .tem:
214 2086 291 2113 mortem
308 2084 369 2111 autem
388 2074 450 2110 crucis.
469 2073 531 2121 ltaque
544 2073 559 2109 si
571 2073 670 2110 Dominum
690 2076 744 2112 totius
762 2077 882 2113 universitatis

150 2138 229 2185 primum
243 2134 324 2183 oportuit
339 2134 384 2182 pati,
397 2132 436 2169 fieri
455 2141 503 2168 certe
520 2145 556 2169 non
572 2142 641 2181 potest,
659 2135 701 2182 quin
718 2145 735 2171 et
751 2148 784 2172 nos
800 2135 881 2173 imitato-

150 2209 178 2233 res
192 2197 230 2232 eius
240 2195 317 2243 iniquos,
326 2203 343 2230 et
352 2192 450 2229 vilissimos
460 2202 561 2240 peccatores
572 2202 652 2240 oporteat
661 2193 717 2231 multa
726 2195 768 2242 pati,
778 2196 807 2243 qui
817 2205 882 2239 totum,

96 2294 99 2302 ,
125 2292 129 2302 ,
150 2255 198 2305 quod
207 2254 290 2303 patimur,
299 2262 362 2289 nostro
372 2251 437 2287 merito
447 2251 492 2287 iuste
502 2249 616 2288 sustinemus
625 2251 683 2288 Nemo
693 2253 740 2289 enim
749 2254 798 2290 venit
810 2253 831 2290 ad
844 2254 882 2302 glo-

150 2317 194 2352 riam
203 2325 290 2363 supernae
301 2312 385 2356 civitatis,
394 2311 428 2347 nisi
437 2309 490 2348 fuerit
500 2311 528 2347 hic
537 2311 614 2358 primum
628 2312 732 2349 iustificatus
742 2326 751 2349 a
760 2324 841 2362 peccato,
851 2314 882 2351 sed

150 2387 190 2411 cum
204 2373 270 2410 multae
279 2373 315 2409 sint
324 2371 448 2409 tribulationes
461 2372 557 2416 iustorum,
567 2383 677 2420 nequaquam
692 2373 748 2422 iustus
760 2386 798 2410 esse
810 2374 881 2423 poterit,

150 2434 180 2483 qui
188 2433 263 2470 adversa
272 2432 361 2468 sustinere
370 2444 403 2479 pro
413 2430 480 2466 iustitia
489 2430 506 2466 in
516 2430 550 2466 hoc
559 2430 627 2467 mundo
636 2432 729 2469 recusavit.
737 2432 831 2469 Imitemur
839 2445 882 2482 ergo

150 2494 212 2530 fratres
221 2492 257 2528 mei
267 2491 371 2538 charissimi,
380 2490 397 2526 in
407 2489 463 2526 multa
472 2489 562 2538 patientia,
571 2499 589 2525 et
598 2489 697 2528 humilitate
707 2492 811 2536 Domirmm,
821 2502 838 2529 et
847 2492 883 2541 Sal·

148 2562 229 2589 vatorem
242 2545 324 2588 nostrum
334 2551 393 2586 lesum
402 2549 502 2595 Christum,
513 2548 543 2598 qni
556 2549 611 2586 homo
624 2548 681 2587 factus
694 2564 726 2599 pro
739 2551 791 2589 nobis
805 2553 882 2589 maxima

149 2611 249 2648 voluntarie
262 2610 351 2653 sustimtir,
366 2620 383 2646 et
396 2610 413 2645 in
427 2609 461 2645 hoc
475 2608 543 2645 mundo
556 2621 645 2658 nunqnam
659 2610 696 2647 sine
709 2611 827 2648 autaritudine
843 2612 897 2660 per?

150 2669 247 2708 secationis
261 2668 299 2705 fuit.
313 2667 341 2704 Ab
354 2668 399 2705 hora
412 2668 459 2704 enim
473 2668 603 2704 sacratissimae
619 2669 715 2706 nativitatis
732 2682 774 2706 suae
792 2682 847 2719 usque
861 2669 883 2707 ad

147 2730 216 2768 'exitum
230 2729 303 2777 spiritus
316 2729 344 2764 sui
358 2727 379 2765 de
393 2740 473 2776 corpore,
483 2740 554 2777 semper
567 2728 585 2764 in
598 2730 714 2766 amaritudine
726 2730 824 2778 praesentis
837 2730 883 2767 vitae
