1968 3023
162 158 196 203 136
369 155 394 191 Dt
407 167 447 193 utra
459 154 551 191 hrtruilitata
564 154 686 192 trrattacltarum.

160 235 228 272 nullum
241 236 281 272 Deo
295 234 350 284 placet
364 248 409 284 opus
423 236 495 282 bouum,
509 235 557 284 quod
571 245 620 271 extra
634 248 694 272 veram
709 235 828 272 humilitatem
839 233 892 271 fuerit
939 269 943 281 ,

159 295 244 333 oblatum.
259 295 303 332 Sunt
316 306 375 332 autem
389 296 451 341 multa,
466 308 584 345 quaeservos
602 295 634 332 Dei
653 294 674 331 ad
688 308 748 332 veram
762 303 892 337 consueverunt

41 376 42 380 =
58 360 138 386 atrinnan-
159 355 278 392 humilitatem
292 368 395 404 provocare.
409 356 454 393 Nam
469 355 536 404 aliquos
555 354 637 403 propriae
651 354 724 391 vilitatis
742 353 860 392 consideratio
875 353 892 389 iu

50 403 138 465 iiienifgiii
159 415 261 463 semetipsis
275 427 334 452 coram
348 415 387 451 Deo
401 415 488 460 humiliat,
499 415 539 463 quia
551 414 593 451 dum
607 427 626 450 se
640 415 722 460 miseros,
733 424 750 450 et
760 413 839 450 infirmos
854 425 892 449 esse

50 472 84 493 ‘⁰⁸¹'
160 476 194 511 iam
208 475 277 523 saepius
291 475 358 523 experti
372 475 490 521 considerant,
505 488 578 512 omnem
592 487 642 523 spem
656 488 714 521 suam,
731 483 748 511 et
766 472 892 511 confidentiam

50 529 138 599 <0{ii1÷il⁵³”⁵
159 534 177 570 in
191 534 249 571 Deum
263 533 351 570 humiliati
364 533 428 571 locant.
442 534 478 570 Alii
489 546 531 570 vero
541 533 675 571 multitudinem
686 547 728 582 erga
737 547 755 570 se
765 532 892 570 beneficiorum

159 594 193 630 Dei
207 594 337 643 pensiculantes
351 593 436 631 iudicium
450 593 582 643 ingratitudinis
593 603 684 640 metuunt,
691 604 708 630 et
715 594 758 643 ideo
768 595 785 631 in
795 602 891 641 conspectu

70 659 137 699 §onside-
159 653 192 689 Dei
211 666 251 690 cum
269 666 334 702 magno
350 654 424 698 timore,
440 667 460 690 ac
476 655 576 690 reverentia
595 653 709 702 gratitudinis
727 666 797 702 semper
815 652 891 689 humiles

50 694 138 755 {iiffleffl
159 711 248 749 incedunt.
262 713 283 748 Et
297 713 335 762 quis
348 722 429 750 nostrum
443 723 475 758 est,
490 712 559 759 fratres,
573 712 600 748 cui
612 713 741 761 omnipotentis
755 713 787 749 Dei
802 712 891 748 miseratio

158 786 194 810 uon
207 773 263 809 multa
276 774 328 810 etiam
342 774 454 822 singulariter
467 774 573 823 praestiterit
582 772 677 810 beneficia?
687 774 727 819 Cui,
736 773 751 809 si
760 772 891 819 volumusesse
910 798 912 801 .

75 831 137 856 ¹³⁶⁶⁶³¹⁰·
158 834 209 882 grati,
223 834 301 870 maxime
313 834 369 869 simus
382 833 458 870 humiles
472 843 549 883 oportet
563 832 598 869 Alii
612 843 653 881 post
668 832 800 882 multitudinem
810 840 891 881 peccato-

49 873 132 925 illilusr
159 904 198 927 rum
217 892 238 929 ad
256 892 384 940 poenitentiam
402 892 460 929 divina
477 892 542 940 pietate
560 892 651 937 conversi,
669 902 734 941 quauta
754 901 814 928 contra
832 890 890 939 legem

49 935 138 996 erliissiffliii
159 950 295 998 Omnipotentis
309 950 354 987 mala
368 951 496 997 commiserint,
506 950 527 987 ad
541 951 648 987 memoriam
662 950 724 987 sedulo
734 960 822 993 revocant,
833 958 849 985 et
859 961 890 996 pro

49 1003 98 1029 llll&
158 1010 185 1046 his
200 1011 217 1046 in
231 1010 348 1047 amaritudine
361 1010 433 1058 spiritus
446 1009 542 1056 humiliati,
553 1022 592 1046 suas
604 1010 705 1058 impietates
719 1022 760 1046 cum
773 1009 848 1046 horrore
861 1007 889 1044 de-

157 1079 250 1106 testamur.
263 1070 301 1106 Nos
315 1078 373 1105 autem
387 1070 404 1106 in
417 1069 478 1106 multis
492 1069 611 1115 offendimus,
629 1069 676 1106 unde
693 1069 813 1106 necessarium
826 1077 858 1113 est,
871 1076 890 1102 ut

158 1140 190 1165 nos
204 1138 271 1173 mente,
286 1138 303 1164 et
317 1141 377 1165 coram
390 1142 461 1177 semper
471 1129 523 1165 etiam
534 1141 609 1176 corpore
622 1128 745 1174 humiliemus,
754 1138 773 1165 ut
782 1125 889 1176 superabun-

157 1189 186 1225 det
199 1189 261 1237 gratia,
276 1187 305 1224 ubi
319 1197 410 1236 peccatum
423 1189 472 1236 prius
489 1186 591 1224 abundavit.
610 1187 683 1235 Saepius
699 1196 758 1224 autem
775 1187 843 1223 divinae
856 1185 890 1221 mi-

157 1248 250 1284 serationis
260 1246 370 1296 providentia
377 1247 464 1296 quosdam
474 1247 571 1284 enormiter
578 1245 599 1282 ad
608 1256 679 1295 tempus
687 1246 774 1295 permittit
782 1245 889 1293 delinquere,
912 1277 916 1281 ,

157 1317 176 1342 ut
185 1316 247 1355 postea
257 1307 338 1343 conversi
347 1307 368 1343 ad
377 1307 503 1355 poenitentiam
513 1307 529 1343 in
541 1305 660 1343 veradiscant
670 1306 769 1343 humilitate
777 1317 888 1354 permanere.

156 1366 222 1403 Melior
236 1375 262 1402 est
275 1366 366 1414 poenitens
380 1365 452 1402 humilis
466 1379 493 1409 eo,
508 1366 587 1415 quinon
600 1366 691 1413 peccavit,
706 1364 790 1413 superbo,
805 1365 888 1413 quoniam

156 1425 248 1461 humilitas
261 1425 372 1473 poenitentes
386 1424 476 1471 iustificat,
491 1434 508 1461 et
521 1423 603 1474 superbia
617 1434 726 1473 arrogantes,
740 1425 794 1461 etiam
812 1424 826 1460 si
841 1422 889 1459 aliud

155 1484 200 1521 nihil
213 1484 259 1521 male
273 1483 353 1528 fecerint,
368 1497 420 1533 quam
434 1485 451 1521 id
465 1485 532 1530 solum,
546 1484 594 1533 quod
608 1484 678 1532 superbi
695 1493 744 1530 sunt,
762 1485 779 1520 in
797 1494 888 1519 aeternum

155 1544 232 1582 daruuat.
246 1545 282 1581 Alii
296 1544 362 1581 Christi
375 1544 414 1581 lesu
428 1557 505 1581 amaram
519 1545 621 1594 passionem
631 1544 735 1593 quotidiana
746 1542 861 1579 meditatione
871 1542 888 1577 in

110 1603 112 1608 '
155 1605 207 1642 corde
222 1618 254 1641 suo
268 1614 359 1653 portantes
373 1615 422 1642 tanto
432 1619 450 1642 se
460 1606 515 1653 magis
529 1604 631 1650 humiliant,
641 1614 708 1654 quanto
717 1617 736 1641 se
748 1604 807 1646 tantis,
817 1612 887 1650 tamque

154 1662 234 1700 mirificis
248 1663 302 1712 ipsius
316 1663 433 1712 redemptoris
447 1665 474 1700 sui
488 1663 576 1701 debitores
590 1663 643 1699 nimis
661 1662 786 1699 insufficientes
799 1660 887 1698 beneficiis

154 1736 189 1760 non
203 1723 291 1772 ignorant.
305 1723 411 1760 Humiliavit
423 1725 540 1772 semetipsum
549 1724 582 1760 Dei
594 1722 646 1768 filius,
655 1724 711 1760 homo
721 1724 777 1759 lactus
786 1734 818 1771 pro
830 1719 887 1766 nobis,

154 1781 251 1830 multisque
264 1791 352 1818 saturatus
366 1782 472 1831 opprobriis,
486 1792 563 1819 mortem
581 1782 639 1818 crucis
653 1783 773 1830 turpissimam
788 1780 887 1818 voluntarie

153 1840 223 1886 subivit,
237 1851 256 1877 ut
269 1854 301 1878 uos
315 1841 337 1878 de
350 1843 413 1878 mortis
427 1852 521 1894 perpetuae
535 1842 609 1878 interitu
622 1840 711 1879 liberaret.
721 1842 767 1885 Quis
776 1841 832 1878 homo
842 1839 886 1875 chri-

153 1901 226 1943 stianus,
240 1912 258 1936 et
271 1900 369 1937 monachus
378 1902 461 1947 inanime,
475 1914 511 1938 non
524 1899 625 1937 humiliabit
634 1900 674 1937 Deo
683 1899 734 1937 valde
744 1900 820 1936 animam
830 1911 886 1942 suam,

45 1987 67 2012 ps.
78 1995 97 2019 14·
153 1973 193 1996 cum
207 1969 273 1996 tantam
288 1961 378 2006 creatoris,
396 1972 412 1998 et
430 1961 548 2009 redemptoris
566 1961 594 1997 sui
611 1960 731 1997 humilitatem
745 1960 766 1997 ad
780 1959 885 1996 memoriam

44 2064 57 2081 se
67 2022 131 2082 viihishis
152 2018 274 2055 revocaverit?
288 2019 388 2063 Enimvero,
403 2033 456 2069 quem
470 2020 536 2057 Christi
550 2020 641 2057 humilitas
651 2019 672 2057 ad
682 2019 836 2057 mansuetudinem
850 2030 886 2054 non

43 2091 66 2122 ra,
77 2097 90 2116 ut
102 2100 131 2117 eum
152 2088 243 2127 provocat,
256 2078 315 2115 nullae
329 2079 422 2116 hominum
436 2080 567 2116 admonitiones
580 2080 598 2115 iu
612 2092 633 2116 eo
647 2079 746 2128 proficient⁴
760 2079 831 2115 Frustra
844 2076 886 2113 dici-

43 2134 117 2160 ⁵⁰q¹¹ffl¹¹¹¹¹¹
151 2152 191 2176 mur
209 2138 298 2182 monachi,
316 2139 350 2175 nisi
364 2138 455 2176 Christum
473 2152 505 2188 pro
522 2139 590 2176 viribus
608 2139 700 2176 humiliter
718 2139 804 2175 fuerimus
822 2138 884 2174 securi.

150 2200 246 2247 Propterea
256 2211 333 2247 uariaque
341 2198 387 2234 viam
402 2212 420 2235 se
434 2212 472 2235 esse
482 2199 525 2235 dixit
539 2200 556 2235 in
569 2208 630 2235 sancto
640 2198 744 2247 Evangelio,
753 2208 772 2234 ut
781 2198 818 2233 eius
828 2196 885 2233 humi-

149 2258 219 2295 litatem
232 2258 330 2302 imitemur,
345 2267 362 2294 et
375 2259 419 2294 tanti
433 2259 544 2295 conversatio
557 2258 639 2306 magistri
654 2257 705 2294 fieret
718 2256 814 2305 spiritualis
827 2256 885 2293 forma

150 2316 238 2366 discipuli.
253 2318 291 2355 Nos
305 2319 369 2366 itaque,
383 2317 451 2363 fratres,
460 2327 547 2366 quantum
561 2329 657 2366 possumus
671 2317 715 2353 totis
728 2315 794 2352 viribus
808 2315 885 2353 elabore-

74 2387 129 2428 uupuj-
149 2391 196 2422 mus,
211 2387 230 2413 ut
244 2390 304 2422 omne,
320 2375 367 2425 quod
385 2376 401 2413 in
418 2376 468 2414 nobis
483 2377 573 2414 tumidum
591 2375 673 2424 superbia
690 2375 772 2421 reddidit,
787 2375 883 2417 humilitas,

42 2429 129 2455 ¹³³p³⁵⁵¹⁰¹¹¹⁵
149 2436 265 2472 meditatione
278 2436 398 2473 amarissimae
412 2436 498 2484 passionis
508 2435 548 2472 lesu
558 2435 625 2472 Christi
637 2444 730 2482 concepta,
742 2433 849 2483 complanet,
859 2435 884 2471 in-

52 2457 121 2488 Christi,

41 2491 129 2551 {ssffflgsffi
149 2505 223 2540 stauret,
234 2488 254 2531 ac
267 2494 357 2531 reformet.
367 2494 406 2532 Oh!
419 2506 504 2544 quantum
518 2508 551 2532 nos
565 2494 650 2531 convenit
663 2493 757 2529 humiliare
771 2494 838 2531 animas
852 2507 884 2531 no-

40 2567 74 2601 strae
92 2568 129 2586 occa·
149 2563 193 2590 stras
207 2567 267 2591 amore
276 2555 315 2591 Iesu
325 2554 399 2600 Christi,
410 2555 471 2591 fratres
481 2556 523 2600 mei,
533 2567 574 2590 cum
584 2555 622 2603 ipse
630 2553 686 2598 Deus,
696 2562 712 2589 et
723 2565 791 2590 creator
800 2554 881 2591 omnium

40 2604 64 2620 Μ’
148 2613 204 2649 homo
218 2613 274 2650 factus
292 2614 309 2650 iu
327 2623 392 2650 tantam
410 2628 428 2651 se
445 2627 477 2662 pro
494 2613 545 2652 nobis
564 2613 648 2650 deiecerit
664 2612 791 2651 humilitatem.
809 2613 882 2651 Summa

147 2674 202 2722 igitur
215 2672 301 2709 medicina
315 2683 341 2709 est
357 2672 378 2709 ad
394 2674 512 2711 inducendam
526 2687 587 2710 veram
605 2685 657 2710 servo
673 2673 707 2710 Dei
726 2674 852 2718 humilitatem,
868 2675 883 2711 si
