1968 3023
391 156 467 195 Horrida
480 155 509 194 IX.

215 308 241 338 De
251 308 326 346 custodia,
337 309 352 338 ai
361 308 425 346 origine
438 305 555 345 cogitationum.
567 306 641 336 Hamilr'a
652 306 683 336 IX.

117 428 190 455 atonou
202 430 232 454 rex
245 417 274 454 ille
288 417 318 454 ille
333 417 422 467 quondam
442 415 586 465 sapientissimus
604 415 622 452 in
639 413 691 458 libro,
705 427 759 464 quem
776 426 817 463 pro·

84 433 113 520 S
124 476 225 514 uerbiornm
239 479 358 526 praenotavit,
373 477 429 514 filium
440 476 461 513 ad
470 488 530 513 veram
540 475 637 512 cohortans
649 474 761 523 sapientiam,
772 475 818 511 inter

83 543 149 574 caetera
163 536 218 573 dixit:
236 536 271 574 Fili
284 537 309 573 mi
322 536 394 574 attende
410 536 515 585 sapientiam
533 547 600 581 meam,
614 543 632 571 et
645 533 749 583 prudentiae
767 547 816 571 meae
837 545 898 577 umas.

83 596 148 633 inclina
161 609 221 633 aurem
234 605 291 642 tuam,
306 607 325 633 ut
340 596 427 634 custodias
442 595 567 645 cogitationes,
578 605 595 631 et
604 592 716 643 disciplinam
730 592 775 631 labia
788 603 818 630 tua

84 665 193 693 conservent.
207 656 249 693 Non
263 656 310 693 enirn
324 656 398 692 minima
415 646 511 703 sapientiae
527 666 568 703 pars
582 665 616 699 est,
631 654 694 690 iratres
712 653 815 696 charissimi,

83 716 98 752 si
114 717 157 752 sciat
174 717 272 753 monachus
290 717 408 765 cogitationes
426 728 466 752 suas
483 706 581 764 prudenter
599 714 705 761 discernere,
721 724 737 751 et
755 727 815 751 earum

82 785 142 814 motus
156 776 205 813 omni
218 786 300 825 tempore
318 775 395 813 sollicite
412 774 511 812 custodire.
521 775 587 823 Magna
600 787 629 810 res
643 783 669 810 est
682 773 726 811 nihil
739 774 816 823 cogitare

82 836 129 879 mali,
143 835 173 872 sed
186 848 222 872 non
235 836 311 872 minoris
325 834 429 883 prudentiae
442 834 496 871 malas
510 832 530 870 ab
545 833 619 871 exordio
634 833 751 882 cogitationes
764 846 815 883 posse

82 894 172 944 repellere,
185 895 264 931 Humani
282 894 348 930 etenim
366 893 424 931 cordis
441 891 528 942 profunda
546 893 634 929 sententia
640 906 645 938 3
664 891 743 938 mobilis,
762 892 815 935 vana,

82 953 181 1002 multiplex,
195 962 211 990 et
224 951 312 990 instabilis
325 964 405 1000 semper;
420 952 469 988 cuius
482 950 576 988 observare
591 950 683 998 principia,
699 962 716 988 et
728 951 816 989 refrenare

83 1023 148 1057 motus,
162 1025 232 1050 surmna
245 1011 339 1061 prudentia
353 1022 384 1055 esr,
398 1022 415 1048 et
428 1023 512 1059 magnum
526 1011 622 1059 sapientiae
635 1009 712 1058 signum.
724 1010 791 1047 ltlolam
801 1012 815 1047 si
857 1018 885 1044 eoa
898 1017 924 1044 ao-

83 1073 143 1110 dixero
157 1082 244 1121 perpetuo
257 1080 308 1108 motu
323 1070 407 1119 agitaram
421 1083 451 1106 cor
464 1070 549 1114 hominis,
563 1082 573 1106 a
586 1070 660 1106 veritate
677 1082 713 1107 non
730 1068 815 1114 aberravi,
835 1054 924 1122 isslnsslqfflss

836 1129 876 1149 mola,

60 1190 61 1193 ’
83 1190 132 1237 Quid
150 1204 191 1228 nam
208 1189 256 1227 aliud
273 1199 300 1226 est
318 1201 348 1226 cor
365 1188 468 1239 humanum,
486 1200 539 1236 quam
557 1187 605 1224 mola
625 1188 712 1238 quaedam
729 1190 748 1226 in
765 1198 815 1227 motu

82 1264 152 1299 semper
166 1260 259 1288 conterens
273 1248 351 1297 aliquid?
365 1248 461 1297 Nunquam
475 1255 501 1284 est
514 1247 597 1285 ociosum
612 1260 642 1285 cor
655 1248 760 1293 humanum,
772 1262 816 1286 nun-

83 1323 135 1360 qnam
148 1310 185 1346 sine
198 1318 249 1345 motu
263 1307 344 1357 quiescit,
358 1306 388 1343 sed
402 1307 437 1355 agit
450 1319 520 1354 semper
535 1305 612 1356 aliquid:
628 1317 645 1344 et
659 1308 704 1344 sicut
722 1308 770 1345 mola
786 1322 816 1345 se·

83 1370 176 1417 meripsam
189 1367 278 1405 consumit
290 1378 347 1402 vacua
363 1375 414 1402 motu
427 1366 507 1414 proprio,
522 1366 546 1402 ita
560 1379 591 1402 cot
604 1365 684 1403 hominis
697 1380 706 1403 a
720 1369 815 1417 semetipso

81 1429 157 1478 turpiter
170 1426 236 1473 defluit,
249 1426 292 1463 dum
306 1424 349 1462 illud
363 1422 405 1462 boni
418 1425 501 1473 cogitatio
515 1437 552 1461 non
565 1426 679 1473 constringit.
692 1427 766 1475 Semper
776 1440 815 1464 mo·

82 1498 133 1525 vetur
145 1488 164 1524 in
176 1486 248 1535 aliquod
265 1484 355 1522 obiectum
374 1498 415 1521 cum
433 1486 498 1521 amoris
515 1485 543 1520 sui
560 1483 655 1529 desiderio,
673 1499 743 1536 semper
758 1487 815 1530 molit,

82 1559 151 1595 semper
164 1547 207 1596 agit,
221 1557 294 1594 semper
308 1545 353 1581 circa
371 1544 436 1594 aliquid
454 1553 551 1592 occupatur
569 1543 679 1592 delectabile,
693 1548 731 1583 sive
748 1546 815 1584 bonum

82 1608 109 1651 sit,
124 1608 161 1643 sive
175 1604 249 1642 malum.
263 1604 313 1641 Sicut
326 1616 390 1653 corpus
404 1616 440 1641 non
453 1613 535 1641 movetur
549 1605 586 1640 sine
601 1605 665 1648 aniana,
679 1607 705 1642 sic
718 1619 768 1655 inens
783 1608 815 1644 lto-

82 1666 135 1703 minis
148 1678 184 1703 non
197 1674 257 1701 ananet
270 1662 305 1700 fixa
318 1664 337 1700 in
350 1662 404 1710 bono,
417 1663 451 1700 nisi
464 1664 548 1700 continue
561 1664 643 1701 restricta
652 1663 707 1702 fuerit
716 1679 747 1714 per
756 1677 815 1704 sancta

81 1725 169 1762 exercitia.
183 1724 277 1772 Propterea
291 1722 335 1759 dixit
344 1722 362 1758 in
371 1722 495 1760 Ecclesiastico
509 1722 536 1759 vir
544 1723 626 1771 sapiens:
641 1723 742 1763 iucunditas
757 1728 814 1766 cordis
835 1742 886 1769 aceres.
895 1749 915 1775 30.
947 1765 949 1767 ,

81 1784 125 1821 haec
139 1793 165 1821 est
177 1784 213 1820 vita
226 1782 313 1828 hominis,
324 1791 341 1819 et
354 1781 446 1832 thesaurus
460 1782 498 1818 sine
512 1780 611 1819 deiectione
625 1785 730 1831 sanctitatis,
741 1798 758 1824 et
767 1789 815 1827 exul-

81 1844 125 1880 tatio
134 1843 168 1879 viri
181 1851 207 1879 est
220 1841 337 1891 longaevitas.
351 1841 435 1878 Miserere
444 1841 513 1877 animae
523 1852 564 1878 tuae
573 1841 646 1890 placens
655 1843 701 1887 Deo,
711 1856 728 1882 et
737 1849 813 1896 contine,

81 1914 99 1939 et
112 1914 200 1951 congrega
213 1914 244 1939 cor
257 1911 309 1937 tuum
323 1901 341 1938 in
354 1901 445 1937 sanctitate
459 1901 502 1943 eius,
516 1910 533 1937 et
546 1901 640 1939 tristitiam
655 1902 709 1952 longe
727 1908 794 1955 expelle
806 1923 815 1946 a

81 1972 104 1999 te.
114 1961 163 2005 Quid
172 1970 198 1998 est
207 1961 322 2010 congregatio
337 1959 402 2005 cordis,
414 1960 448 1996 nisi
462 1959 536 2008 diligens
551 1960 632 1998 custodia
646 1964 768 2012 cogitationis;
780 1970 815 2006 Cor

81 2020 147 2058 etenim
160 2032 212 2057 suum
225 2021 243 2056 in
257 2020 351 2056 sanctitate
363 2019 438 2055 Domini
452 2029 554 2068 congregat,
566 2020 597 2068 qui
610 2031 671 2058 motus
685 2025 813 2073 cogitationum

81 2092 152 2117 suarum
166 2081 184 2116 in
197 2079 262 2116 timore
275 2079 309 2115 Dei
323 2079 390 2131 iugiter
402 2077 487 2116 observat.
501 2078 523 2114 Et
537 2079 578 2116 ideo
591 2081 678 2129 scriptura
692 2083 744 2121 dicit:
759 2086 815 2124 Omni
835 2104 896 2136 amaa.

82 2140 161 2177 custodia
176 2151 225 2176 serva
239 2148 340 2182 cortuum,
354 2139 438 2187 quoniam
452 2151 473 2175 ex
485 2139 525 2185 ipso
538 2139 575 2175 vita
592 2140 679 2187 procedit.
696 2143 773 2181 Samunt
786 2159 815 2183 au-

80 2208 117 2236 tem
131 2198 248 2247 cogitationes
261 2208 346 2234 tractuum
361 2209 435 2234 suorum
452 2197 537 2246 principia
551 2211 572 2234 ex
584 2198 620 2244 his,
635 2212 680 2248 quae
694 2202 792 2242 offeruntur
805 2220 814 2243 a

80 2257 167 2304 sensibus,
182 2270 226 2307 quae
240 2266 290 2294 tanto
304 2265 400 2306 evagantur
415 2257 537 2305 periculosius,
552 2269 619 2306 quanto
637 2260 696 2297 mimas
709 2262 775 2300 iudicio
788 2278 814 2302 ra-

80 2318 134 2355 tionis
148 2316 168 2354 ab
182 2317 255 2354 exordio
271 2317 411 2353 considerantur.
425 2316 511 2365 Quisquis
524 2318 580 2365 igitur
594 2319 725 2367 cogitationum
742 2336 813 2361 suarum
849 2346 924 2373 Consano-

80 2376 154 2427 vigilans
168 2389 205 2414 esse
218 2376 311 2420 desiderat,
326 2377 405 2425 quisquis
419 2389 526 2425 congregare
537 2390 629 2415 corsuum
639 2380 657 2415 in
670 2382 763 2420 sanctitate
777 2385 813 2422 Do-
834 2390 857 2423 ¹¹9⁵
869 2367 924 2423 ἄξω·

81 2437 125 2475 mini
138 2445 195 2486 optat,
209 2449 272 2473 sensus
289 2450 332 2473 suos
350 2437 445 2474 exteriores
458 2438 476 2474 in
488 2438 551 2486 primis
564 2437 701 2487 diligentissime
719 2445 813 2492 costodiat‚
834 2418 924 2479 apusorum-

81 2507 98 2535 et
111 2497 182 2534 frenum
198 2497 303 2545 prudentiae
320 2497 395 2545 singulis
412 2499 497 2546 imponat.
510 2498 557 2535 Hinc
570 2498 592 2535 de
605 2500 673 2547 auditu,
687 2512 704 2539 et
717 2504 757 2540 visu
772 2507 815 2543 scri-

80 2569 130 2608 ptura
148 2558 173 2594 sic
190 2557 281 2606 praecipit.
299 2556 340 2605 Sepi
358 2569 408 2593 aures
425 2568 464 2593 tuas
481 2558 542 2607 spinis,
556 2567 573 2596 et
588 2558 668 2608 linguam
686 2575 762 2613 nequam
778 2566 815 2603 noli
835 2580 915 2608 aalma,

81 2617 149 2663 audire,
163 2627 179 2654 et
192 2617 219 2653 ori
231 2626 263 2653 tuo
277 2616 328 2661 ostia,
343 2625 360 2652 et
373 2629 420 2654 seras
430 2617 500 2655 auribus
510 2619 550 2655 tuis.
560 2619 623 2656 Beatus
633 2621 695 2666 homo,
705 2623 735 2673 qui
744 2624 815 2663 obturat

82 2690 133 2716 aures
150 2689 196 2723 suas,
213 2688 235 2713 ne
253 2675 312 2713 audiat
330 2677 440 2726 sanguinem,
454 2686 472 2715 et
488 2677 553 2716 claudit
571 2679 633 2717 oculos
651 2693 700 2731 suos,
718 2697 741 2721 ne
757 2686 815 2724 Videat
835 2645 889 2681 Esset
