1968 3023
375 138 431 176 Serum
448 138 478 175 VI.
757 147 792 184 215

56 214 167 263 ficientium,
182 226 199 254 et
212 216 269 255 adhuc
283 219 342 255 ruinas
356 218 374 254 iu
387 218 453 254 timore
466 217 500 253 Dei
518 214 596 253 fundatis
610 227 714 266 suggerere,
729 215 793 265 quibus

57 276 136 313 incantas
149 286 217 314 mentes
231 277 337 326 plerumque
347 275 379 313 sub
389 276 448 325 specie
457 274 500 313 boui
509 284 583 313 conatur
596 274 716 324 supplantare.
727 275 794 313 Contra

57 336 107 372 cuius
120 336 192 373 insidias
206 338 295 386 optimum
309 347 335 373 est
346 337 454 382 remedium,
463 336 478 372 si
487 348 549 372 onmes
564 335 681 384 cogitationes
695 334 753 372 cordis
766 335 794 371 sui

57 395 155 432 monachus
165 397 242 433 examini
249 395 316 433 deferat
325 397 423 433 seniorum.
433 395 535 431 Daemones
542 407 613 443 nanque
622 394 714 443 publicum
721 394 794 431 luminis
823 392 825 396 '

57 453 125 499 odiunt,
139 465 156 492 er
169 456 229 492 venire
242 457 260 493 in
275 455 357 493 notitiam
373 454 493 504 spiritualium
507 455 598 492 seniorum
612 454 730 502 cogitationes
744 453 793 490 iuue-

56 526 107 559 num,
122 528 165 564 quas
178 520 288 564 suggerunt,
303 512 483 552 errihescunt..Unde
498 513 578 563 quisquis
592 522 671 550 vestrum
684 527 703 549 se
717 524 762 550 stare
776 514 794 549 in

56 572 103 610 bono
117 574 211 620 existimat,
220 587 291 624 semper
300 575 322 611 sit
332 574 426 621 sollicitus,
436 587 457 610 ne
467 572 538 611 diabolo
552 573 677 623 supplantante
690 582 734 614 ruat¹
748 573 793 610 Sunt

57 633 102 669 inter
115 646 148 670 vos
161 632 239 683 quidam,
250 644 266 671 et
280 635 336 678 arinis,
350 643 367 671 et
382 634 499 672 conversione
512 634 591 681 iuvenes,
605 634 636 683 qui
649 632 793 682 sensualitatibus

26 707 27 710 ¹
56 691 92 728 suis
106 692 155 741 plus,
169 706 220 741 quam
238 693 319 741 expedit,
335 693 457 731 consentiunt:
472 692 535 743 quibus
549 691 646 732 daemones
658 694 711 730 variis
724 692 792 736 tundis,

57 753 106 802 quasi
119 752 151 789 sub
166 753 207 790 boni
220 754 279 802 specie
293 753 375 791 illudunt.
385 754 504 791 sanctitatem
514 764 601 803 quaerunt
614 754 652 790 sinc
665 754 740 799 merito;
755 765 793 789 me-

56 812 111 861 ritum
121 812 187 849 habere
201 814 275 861 cupiunt
288 814 326 849 sine
340 814 427 850 virtutum
445 814 582 861 necessariarum
599 814 689 850 exercitio.
704 811 793 849 Videntur

56 869 89 907 sibi
99 884 158 908 coram
167 872 205 923 Deo
215 872 276 920 naagui
286 871 386 915 deuotione¹
397 881 450 922 atque
463 872 565 921 praecipui:
577 882 593 908 et
603 873 621 908 in
630 873 666 908 suis
680 871 792 920 passionibus

56 930 162 968 animalibus
175 944 211 968 uon
224 940 266 967 sunt
279 931 388 968 mortificati.
405 932 471 968 Erratis
485 944 495 968 0
510 932 577 978 miseri,
591 941 609 968 et
622 932 703 980 vosipsos
718 932 792 979 turpiter

56 990 143 1039 decipitis,
156 991 186 1040 qui
199 990 236 1027 sine
253 990 370 1028 fundamento
384 990 496 1027 humillimae
510 989 630 1037 subiectionis,
645 1002 661 1027 et
675 990 792 1037 obedientiae,

2 1067 3 1070 ¹
56 1050 154 1087 sanctitatis
167 1050 231 1086 turrim
247 1048 339 1086 aedificare
353 1051 442 1098 cogitatis.
459 1049 583 1087 Mortificanda
601 1061 642 1087 sunt
660 1051 708 1099 prius
726 1051 792 1088 inordi-

55 1118 96 1147 nata
112 1110 231 1147 sensuali-tatis
247 1109 344 1156 desideria,
359 1108 475 1151 refrenandae
488 1119 529 1146 sunt
545 1111 637 1159 passiones
651 1110 745 1156 auirnales,
758 1111 792 1154 ira,

56 1159 143 1214 nauriunt,
157 1178 174 1205 et
193 1168 321 1217 indignationis
341 1164 395 1215 livor}
407 1179 460 1218 atque
479 1169 539 1206 onuus
559 1169 678 1217 impatientia3
696 1170 792 1218 quoniam,

56 1228 133 1277 quandiu
146 1227 196 1264 vobis
212 1228 327 1265 dominantur
340 1228 388 1274 vitia,
402 1241 438 1265 tior]
452 1238 493 1266 sunt
507 1229 546 1266 Deo
559 1238 615 1276 grata,
629 1241 744 1278 quaecunque
757 1230 792 1276 pri-

56 1297 106 1325 uatae
123 1287 250 1336 singularitatis
267 1287 335 1324 offertis
352 1301 432 1324 munera.
448 1289 499 1325 Vana
512 1297 554 1325 sunt
567 1289 637 1334 oratnia,
651 1288 680 1324 ubi
697 1302 733 1326 non
749 1303 792 1337 pura

57 1348 166 1384 conscientia
180 1357 211 1384 est.
225 1347 310 1395 Suspecta
323 1346 374 1384 nobis
388 1357 414 1384 est
426 1349 538 1385 corruersatio
551 1347 636 1385 monachi
648 1348 724 1395 iuuenis,
737 1361 792 1397 quan-

56 1406 138 1444 tumlibet
151 1407 233 1443 uideatur
246 1419 284 1443 esse
298 1407 367 1453 deuota,
381 1420 434 1456 quam
448 1406 565 1444 subiectionis
578 1407 688 1444 voluntariae
701 1407 792 1444 humilitas

56 1480 92 1511 non
102 1465 221 1503 continendat.
235 1465 334 1502 Monachus
348 1466 396 1503 enina
410 1467 447 1503 sine
457 1465 564 1512 humilitate,
573 1477 590 1503 et
604 1466 704 1504 obedientia
717 1480 752 1504 non
762 1481 792 1517 po·

56 1535 90 1563 test
102 1539 140 1562 esse
154 1524 220 1571 bonus,
234 1528 315 1574 quamvis
331 1526 398 1562 ieiunio
416 1536 433 1563 et
446 1526 528 1562 oratioue
545 1526 625 1574 quotidie
638 1536 712 1563 venetur
728 1527 792 1578 sancti-

829 1294 899 1321 Hmnilitas

812 1337 842 1355 uua
854 1331 899 1356 Sata-

812 1373 842 1390 nant
855 1365 899 1399 proili-

811 1405 838 1433 gat.

56 1595 116 1622 tatem.
130 1585 197 1622 Multos
211 1586 228 1621 in
242 1585 314 1635 occulto
330 1585 419 1631 elationis,
433 1593 450 1621 et
463 1584 555 1633 superbiae
568 1584 648 1622 diabolus
662 1586 732 1633 decipit,
747 1599 791 1634 quos
845 1594 849 1605 ¹

55 1644 134 1693 vigilare,
149 1645 233 1691 ieiunare,
243 1653 259 1680 et
269 1656 320 1681 orare
329 1645 415 1681 continuo
429 1644 521 1692 permittit.
535 1645 580 1681 Nam
594 1645 639 1681 sicut
653 1644 700 1681 milla
713 1646 751 1682 sine
761 1645 791 1682 hu-

1 1736 2 1740 ,
55 1704 136 1749 militate,
146 1715 162 1740 et
176 1703 260 1740 charitate
269 1704 309 1741 Deo
322 1713 372 1752 grata
383 1713 425 1740 suut
438 1716 503 1752 opera3
519 1704 541 1740 ita
555 1704 648 1749 ieiunium,
663 1704 739 1753 uigiliae,
752 1718 790 1741 ora-

55 1764 123 1809 tiones,
137 1772 154 1799 et
167 1762 224 1798 studia
240 1761 370 1799 rnoraachoruna
385 1763 423 1799 sine
436 1761 463 1798 his
477 1761 548 1799 diabolo
566 1776 601 1799 non
617 1773 658 1799 sunt
674 1762 790 1801 forriaidanda.

55 1822 102 1858 Hinc
116 1834 151 1858 uon
165 1831 249 1857 aaaovetut
264 1820 354 1863 diabolus,
369 1821 415 1857 triade
432 1833 468 1857 non
482 1831 581 1869 torquetur.
597 1821 639 1859 Non
653 1822 713 1870 magni
730 1823 791 1871 pendit

55 1880 125 1928 vigilias
143 1879 193 1925 elati,
210 1892 267 1929 neque
285 1880 372 1916 ieiunium
390 1879 465 1916 aduertit
482 1879 556 1925 tumidi,
571 1892 603 1916 nec
620 1882 710 1917 orationes
727 1883 791 1919 metuit

56 1939 135 1988 Superbi.
153 1939 172 1975 Sl
189 1950 248 1976 autem
268 1939 356 1975 inuenerit
375 1948 393 1974 te
411 1938 506 1984 luunilem3
524 1939 539 1975 si
555 1939 642 1976 mandatis
663 1941 754 1978 seniorunt
773 1942 790 1978 in

56 1997 137 2036 otnraibus
148 1997 225 2034 hilariter
234 1997 355 2043 obedientem,
365 1998 380 2033 si
394 1996 519 2034 consideravit
526 2007 544 2034 te
554 2009 618 2047 magna
631 1998 698 2045 facere3
708 2010 725 2036 et
738 1999 760 2036 de
773 2009 790 2036 te

55 2058 130 2095 humilia
144 2058 218 2104 sentire3
231 2060 246 2094 si
259 2058 299 2104 Dei,
309 2067 327 2093 et
340 2058 418 2105 proximi
428 2056 531 2094 charitatem
542 2059 585 2095 inte
595 2059 709 2107 perpenderit
723 2059 790 2106 ardere,

55 2119 90 2154 iam
104 2126 151 2155 certe
170 2127 231 2154 contra
246 2125 263 2153 te
277 2128 371 2162 movetur3
393 2117 478 2166 quoniam
496 2118 532 2153 tuis
548 2116 643 2154 virtutibus
659 2117 706 2155 illius
724 2118 790 2156 invidia

54 2188 159 2227 torquetur:
175 2178 243 2224 onmia,
257 2191 302 2226 quae
318 2187 387 2226 potest,
401 2178 418 2214 in
432 2187 450 2213 te
463 2179 504 2214 suae
519 2177 621 2214 calliditatis
634 2179 688 2215 vertit
701 2191 759 2225 asnaa,
773 2189 790 2215 et

56 2238 153 2273 sanctitatis
173 2238 287 2287 propositum
300 2237 343 2274 totis
356 2235 423 2273 viribus
438 2247 513 2273 conatur
529 2247 614 2275 evertere
627 2237 677 2274 Nihil
690 2239 737 2274 enim
751 2238 790 2275 dae·

56 2293 140 2333 trionibus
154 2297 171 2333 in
184 2296 273 2334 ataoraacho
290 2296 330 2345 plus
348 2296 441 2344 displicet3
460 2295 504 2332 nihil
522 2310 552 2333 eos
569 2297 693 2334 vehementius
710 2306 790 2346 torquet,

56 2369 109 2405 quam
123 2357 138 2392 si
151 2369 183 2404 pro
197 2357 231 2393 Dei
245 2369 306 2393 amore
319 2357 338 2393 in
353 2356 437 2393 onmibus
451 2369 469 2392 se
483 2357 569 2393 ueraciter
584 2356 714 2403 humiliaverit,
728 2367 744 2394 et
758 2358 791 2393 nai-

56 2415 113 2452 litiam
127 2415 244 2452 institutionis
262 2416 371 2453 monasticae
386 2415 418 2451 sub
432 2414 544 2453 obedientiae
562 2416 643 2452 custodia
658 2416 708 2452 hilari
722 2429 791 2467 semper

56 2475 117 2512 animo
134 2476 235 2512 servaverit.
254 2474 333 2512 Cavendi
349 2485 390 2511 sunt
403 2473 454 2511 vobis
471 2475 567 2512 instinctus
585 2474 703 2521 daemonum,
717 2475 747 2524 qui
759 2488 792 2512 vos

56 2546 141 2583 rnagmuu
155 2533 221 2582 aliquid
234 2547 272 2571 esse
286 2534 352 2582 putatis
366 2534 405 2570 siue
413 2546 497 2571 verarum
510 2534 576 2571 merite
589 2536 682 2571 uirtutum.
691 2535 730 2583 Ego
739 2536 792 2573 uideo

56 2606 88 2630 vos
103 2593 124 2630 ad
137 2591 219 2629 mandata
232 2594 324 2630 seniorum
338 2591 473 2639 involuntarios,
487 2593 504 2630 in
519 2594 631 2631 correctione
644 2594 762 2642 impatientes,
776 2605 793 2632 et

57 2652 196 2699 munnuriosos,
205 2652 226 2690 ad
235 2652 394 2702 reprehensionem
403 2653 451 2689 uitae
465 2652 532 2690 alienae
546 2652 666 2703 promptulos,
679 2652 710 2690 sed
723 2654 741 2691 in
751 2667 793 2692 con-
