1968 3023
392 192 468 230 Humilia
481 191 530 230 XIII,
805 192 827 241 87

96 274 175 321 discitur,
190 275 238 325 quod
252 273 382 312 observandum
397 272 518 311 claustralibus
532 272 631 310 mandatur.
644 274 686 311 Duo
699 282 749 317 sunt,
764 271 827 310 fratres

96 335 131 371 mei
145 334 262 379 dilectissimi,
276 347 320 384 quae
333 333 404 371 avobis
417 334 451 370 iste
465 333 514 370 locus
528 334 589 382 exigit;
603 333 685 379 alterum,
703 342 722 369 ut
736 334 753 371 in
768 345 828 370 cotte-

69 432 70 435 ,
96 396 158 444 ptione
171 395 258 432 humilem
272 407 343 443 semper
356 394 431 431 teneatis
444 394 553 442 patientiam:
567 393 642 431 alterurn
654 406 702 438 veto,
716 403 736 429 ut
749 404 829 430 nostram

97 455 238 504 qualemcunque
251 453 327 491 libenter
336 454 435 503 suscipiatis
445 453 593 491 exhortationem.
607 454 635 490 Ad
645 453 723 502 primum
737 454 829 501 cupientes

96 528 129 552 vos
142 528 181 551 csse
194 525 264 564 paratos
278 515 334 551 sancti
347 512 458 563 legislatores
467 514 523 550 nostri
534 512 586 550 fortia
599 523 698 562 martyrum
713 522 770 561 gestu,
786 525 830 562 quo-

96 586 137 610 tum
150 574 248 610 imitatores
262 572 301 610 fieti
314 572 402 619 debeatis,
415 572 489 622 legenda
502 573 623 622 praecipiunt:
639 585 659 609 ac
672 572 745 619 deinde,
758 583 778 609 ut
792 572 830 609 sitis

97 631 163 671 dociles
176 633 246 678 animo,
259 644 331 680 pussum
346 644 367 668 ex
380 631 441 680 regula
454 644 509 668 unum
527 631 633 681 subiungere
646 632 781 670 mandaverunt.
795 631 830 668 lta-

97 691 143 741 que,
156 700 176 728 ut
193 691 231 728 sitis
248 691 349 728 imitatione
363 700 464 728 sanctorum
483 702 583 740 martyrum
601 691 663 739 fortes,
679 703 695 729 et
708 692 794 740 patientes
808 690 830 728 ad

97 751 227 800 increpationes
241 751 355 794 necessarias,
368 751 422 788 seties
436 751 523 799 passionis
536 764 598 789 eorum
611 753 629 789 in
643 751 715 789 autibus
724 752 788 789 vestris
802 750 831 788 bic

97 810 169 860 legitur:
184 820 201 847 et
215 820 301 858 quatenus
310 809 331 847 ad
343 809 438 847 salutatem
452 808 551 848 doctrinam
564 813 672 861 praeparetis
685 812 761 855 animos,
775 810 829 848 lectio

97 869 148 908 vobis
159 865 180 907 de
193 869 260 918 tegula,
270 883 322 919 quam
337 869 452 919 profitemini,
461 883 495 908 nna
505 871 594 909 recitatur.
608 871 668 909 Sancti
682 881 768 920 martyres
779 871 830 908 Clari-

97 932 128 976 sti,
142 930 224 979 exemplo
238 942 270 966 vos
288 942 321 966 suo
335 929 451 966 cohortantur
465 929 486 966 ad
500 929 612 979 patientiam,
626 940 644 967 et
657 941 676 968 ut
690 931 728 967 sitis
741 931 795 968 etiam
809 930 831 967 ad

97 990 170 1026 iniurias
189 989 253 1038 parati,
267 988 318 1025 divus
331 1000 363 1024 vos
377 986 461 1024 admonet
478 988 583 1026 Benedictus
601 1002 632 1039 pet
646 990 752 1027 doctrinam.
771 990 830 1027 Nemo

97 1049 153 1098 igitur
165 1058 252 1094 vestrum,
265 1047 383 1084 amantissimi
396 1046 469 1093 fratres,
483 1048 501 1083 in
514 1048 548 1084 hoc
561 1048 601 1085 loco
615 1048 742 1098 poenitentiam
760 1059 831 1085 recuset

859 283 890 310 Duo
897 283 910 309 in
917 291 937 309 ca-

848 317 890 352 pitulo
895 327 939 344 neces«

849 353 882 379 satia
894 352 938 379 fratri·

849 388 878 414 bus.

98 1121 130 1158 pro
140 1107 176 1145 suis
187 1106 301 1154 negligentiis
311 1105 391 1155 quotidie
400 1105 491 1143 humiliter
501 1107 599 1155 suscipere,
609 1120 662 1145 nemo
672 1107 783 1156 dedignetur.
796 1108 831 1145 Hic
858 1153 859 1156 Ἰ

97 1168 148 1206 locus
163 1175 189 1203 est
206 1165 296 1215 publicum
311 1165 392 1214 expiandi
410 1175 513 1214 peccatum,
527 1166 544 1202 in
557 1179 593 1215 quo
606 1167 631 1203 sic
645 1165 705 1204 iudicii
722 1177 831 1216 temperatur

98 1229 189 1273 severitas,
203 1236 223 1262 nt
236 1227 292 1276 pietas
306 1219 418 1263 discretionis
431 1239 468 1264 non
477 1226 559 1264 violetur.
575 1227 655 1265 Medicus
669 1229 717 1265 enirn
731 1241 769 1266 esse
778 1229 831 1277 cupio

98 1288 198 1324 animarum
212 1294 320 1330 vestratum,
335 1296 371 1321 non
385 1294 493 1333 peremptor:
506 1285 572 1323 idcirco
581 1285 603 1322 ad
616 1285 677 1323 iudicii
690 1287 747 1324 nostri
756 1299 831 1323 examen

98 1347 156 1385 secuti
168 1344 253 1388 accedite,
264 1344 413 1392 etvosmetipsos
426 1343 561 1381 decommissis
575 1345 592 1381 in
601 1354 662 1393 aperto
671 1344 785 1395 negligentiis
798 1345 831 1383 hu-

98 1405 164 1443 militer
180 1402 295 1453 proclamare.
312 1403 360 1440 Nolo
373 1415 406 1439 vos
419 1415 493 1451 gravate
507 1415 559 1451 supra
573 1403 662 1452 tegulam,
676 1414 695 1440 ut
712 1406 831 1442 secretissima

100 1465 218 1504 conscientiae
228 1463 292 1500 delicta
304 1461 325 1499 de
335 1461 448 1500 confessione
457 1463 579 1500 sacramentali
589 1463 610 1500 ad
620 1463 710 1512 publicum
725 1463 831 1501 transferam

98 1537 172 1563 examen
186 1522 285 1571 culparum,
299 1522 346 1571 quod
360 1522 443 1559 novimus
457 1522 520 1559 fecisse
533 1522 620 1571 quosdam
633 1524 651 1560 in
664 1536 717 1572 grave
731 1524 830 1560 animarum

98 1584 229 1622 detrimentum
243 1594 318 1619 suornm
332 1580 450 1619 subditotum.
464 1581 493 1619 Sic
506 1582 553 1619 enim
567 1581 608 1619 dicit
621 1582 684 1633 legifer
699 1593 761 1620 noster
776 1584 832 1620 Rene-

99 1644 157 1681 dictus
173 1642 191 1679 iu
207 1640 278 1691 regula:
292 1641 366 1678 Siveto
380 1641 449 1678 animae
462 1641 530 1689 peccati
544 1654 595 1678 causa
611 1641 664 1679 fuerit
682 1633 748 1689 latens,
761 1651 831 1679 tantum

99 1701 165 1748 abbati,
177 1709 208 1737 aut
221 1699 342 1749 spiritualibus
355 1699 454 1737 senioribus
468 1699 566 1749 patefaciat,
580 1702 610 1750 qui
623 1703 679 1738 sciant
693 1715 754 1738 curare
767 1715 804 1747 sua,
814 1712 832 1738 et

98 1762 155 1798 aliena
171 1772 208 1797 non
225 1757 309 1808 detegere
324 1758 408 1804 vulnera,
423 1772 453 1796 seu
471 1758 567 1808 publicare.
581 1761 622 1799 Duo
636 1762 708 1799 suntin
722 1761 832 1799 monasterio

98 1821 136 1859 loca
147 1819 252 1868 expiationis
265 1818 338 1866 peccati,
351 1817 395 1855 alter
409 1831 478 1862 eorum,
488 1832 533 1867 quae
546 1829 586 1856 sunt
600 1820 701 1857 manifesta:
715 1830 732 1857 et
745 1819 790 1857 alter
803 1834 832 1857 eo-

98 1893 146 1925 rum,
161 1891 206 1927 qnae
219 1886 260 1914 sunt
274 1876 348 1914 occulta.
363 1876 458 1914 Manifesta
468 1878 516 1915 eninr
529 1889 602 1926 peccata
615 1880 633 1916 in
646 1880 786 1928 proclamatione
797 1879 833 1915 cul-

99 1952 162 1990 patum
175 1937 279 1988 quotidiana
293 1932 364 1986 publice
371 1949 430 1974 coram
445 1936 528 1975 omnibus
542 1939 628 1988 expianda
642 1948 690 1976 suut:
705 1939 832 1982 occultavero,

99 2010 115 2037 et
128 2010 205 2048 quorum
223 1996 346 2048 manifestatio
360 1995 486 2034 scandalizaret
502 1996 595 2043 infirmos,
610 1998 631 2035 ad
645 1996 776 2035 confessionem
791 2007 833 2034 sunt

98 2056 209 2096 remittenda.
223 2057 277 2102 Nam,
292 2055 341 2092 cuius
354 2065 487 2104 peccatumest
500 2056 622 2104 mattifestum,
635 2068 711 2107 oportet,
726 2067 745 2093 ut
762 2056 832 2105 publice

98 2129 169 2167 quoque
184 2116 267 2166 puniatur
276 2107 286 2152 :¹
296 2125 318 2161 et,
332 2116 363 2165 qui
376 2114 450 2164 deliquit
463 2116 481 2152 in
495 2115 574 2162 occulto,
591 2117 644 2153 etiam
658 2118 675 2153 in
689 2126 758 2154 secreto
772 2129 832 2153 emen-

99 2177 156 2214 detur.
169 2175 215 2212 Sunt
228 2174 300 2225 quidam
314 2174 435 2211 claustralium
448 2184 532 2221 tectores,
542 2177 571 2225 qni
580 2175 652 2213 latentia
666 2176 778 2212 subditorum
791 2188 832 2224 pec·

99 2246 137 2274 cata
146 2237 168 2273 ad
181 2235 273 2284 publicum
287 2248 361 2272 examen
372 2234 436 2272 referte
445 2248 482 2271 nou
491 2245 580 2279 verentur,
591 2236 621 2284 qui
634 2235 699 2273 iudicio
709 2235 782 2283 quidem
791 2247 832 2271 meo

98 2309 135 2334 non
152 2296 194 2333 satis
212 2295 308 2344 prudenter
325 2295 363 2331 inta
378 2294 492 2342 praelationis
505 2305 616 2343 exequuntur
631 2308 683 2341 suae,
696 2295 738 2331 dum
757 2292 831 2330 subditis

98 2357 145 2392 viam
159 2354 281 2404 praecludunt⁴
290 2353 359 2400 salutis,
370 2365 386 2390 et
397 2352 528 2391 confessionem
540 2353 648 2391 liberrimam
662 2353 786 2402 consttingunt
799 2351 832 2388 sub

99 2413 170 2451 xittculo
184 2412 240 2450 malae
253 2412 357 2449 voluntatis:
373 2411 420 2461 quod
434 2425 486 2461 quant
500 2413 522 2449 sit
536 2412 668 2461 periculosum,
682 2424 740 2456 nemo,
755 2411 784 2448 vel
795 2424 832 2448 tne-

99 2474 184 2511 diocriter
197 2474 273 2522 sapiens,
288 2466 318 2522 qui
334 2485 370 2509 non
384 2472 476 2521 intelligat.
489 2472 540 2510 Hanc
554 2473 601 2510 enim
619 2473 694 2520 pastoris
711 2472 833 2509 temeritatem

100 2542 170 2570 sanctus
184 2531 277 2569 institutor
290 2530 419 2568 monachorum
438 2532 462 2568 ita
475 2531 565 2580 redarguit
579 2531 649 2570 dicens:
663 2532 773 2581 Magnopere
787 2530 834 2568 solli-

100 2592 198 2631 citudinem
212 2600 261 2640 gerat
275 2590 338 2637 abbas,
353 2601 370 2627 et
383 2592 433 2628 omui
446 2592 549 2641 sagacitate,
563 2601 579 2628 et
593 2591 679 2628 industria
693 2600 751 2635 curet,
765 2604 788 2627 ne
802 2590 834 2627 ali-

101 2665 153 2703 quam
168 2651 189 2689 de
199 2650 262 2688 ovibus
276 2650 309 2688 sibi
324 2650 394 2687 creditis
407 2651 475 2699 perdat.
488 2651 563 2688 Noverit
576 2664 594 2688 se
608 2650 719 2688 infirmatum
733 2663 793 2687 curam
806 2663 834 2686 su-

101 2713 179 2762 scepisse
192 2711 299 2758 animatum,
313 2723 350 2748 non
365 2723 417 2760 super
430 2723 480 2748 sanas
493 2710 593 2761 tyrannide.
607 2710 735 2750 Ordinavimus
749 2709 799 2748 vobis
813 2723 834 2748 ex

886 1411 939 1436 Peccata

851 1445 911 1479 pubblita
918 1446 939 1470 ab·

851 1480 882 1510 bati¹
889 1480 940 1505 occulta

856 1515 935 1540 confessario

852 1551 929 1584 aperiantur.
