1968 3023
164 174 198 211 134
369 159 395 196 Dr
408 170 448 196 uara
461 157 553 196 bumilitate
567 158 688 197 arraraarlroruar.
718 196 720 199 ,

161 243 196 286 das,
210 242 303 286 ieiunium,
318 250 335 276 et
348 239 471 276 abstinentiam
485 239 606 276 commendas.
620 239 638 276 O
651 249 716 282 sancta,
730 248 746 275 et
759 250 799 275 vere
813 237 851 274 Deo
865 236 893 273 di-

161 302 207 339 lecta
219 300 316 344 humilitas,
330 309 349 336 tu
362 312 393 348 per
407 300 536 348 poenitentiam
549 298 633 336 iustificus
647 298 728 347 impium,
740 309 759 334 tu
769 299 786 335 in
796 296 893 333 sanctitatis

160 362 254 410 proposito
268 372 362 397 conservas
375 359 450 405 iustum,
461 368 480 395 tu
494 357 604 395 amatoribus
612 359 648 394 tuis
657 367 740 406 potenter
749 357 805 406 aperis
816 355 891 398 coelum,

160 419 325 469 tupoenitentibus
339 418 405 455 claudis
420 417 515 455 infernum.
529 417 546 455 Ο
560 416 667 463 veneranda,
682 427 699 454 et
712 417 788 454 nimium
797 416 836 452 Deo
843 423 893 464 grata

161 480 259 525 humilitas,
273 489 291 516 tu
305 478 360 515 filium
375 479 429 527 patris
442 479 509 514 aeterni
523 476 544 514 de
558 476 612 518 coelis
621 477 638 514 in
649 487 719 513 uterum
733 477 800 513 Mariae
813 474 892 512 castissi-

161 552 205 583 mae,
220 548 273 589 atque
286 548 380 587 perpetuae
393 538 468 587 virginis
482 536 586 585 compulisti
603 536 719 583 descendere,
735 546 753 573 tu
772 535 822 573 illurn
840 533 892 571 nobis

161 598 219 635 fecisti
234 596 321 634 visibilem
339 608 428 646 apparere,
446 606 473 641 tu,
487 597 550 645 pannis
564 595 664 633 inuolutum
680 595 752 641 vilibus,
767 594 861 644 reposuisti
875 593 892 629 in

160 658 257 707 praesepio,
270 647 335 694 ut'nos
349 656 457 693 ornamentis
471 666 568 706 perpetuae
581 655 682 693 foelicitatis
697 655 787 692 decoraret
805 655 821 690 in
835 652 891 691 coelo.

161 718 190 755 Tu
200 718 232 755 Dei
246 716 301 754 filium
316 716 470 753 circumcisionem
485 716 541 753 carnis
555 714 642 764 impulisti
655 716 750 765 suscipere,
760 726 779 751 ut
788 724 846 751 utente
856 716 892 751 cir-

161 778 235 814 cumcisi
247 790 280 814 nos
294 777 315 813 ad
328 776 434 824 promissam
447 775 576 812 haereditatem
589 786 691 812 sanctorum
706 787 798 824 possemus
811 775 891 812 introire.

161 837 266 886 Omagnae
282 837 373 885 potestatis
390 835 493 880 humilitas,
511 847 556 884 quae
572 847 633 883 regem
649 834 700 879 coeli,
718 843 735 871 et
750 844 807 871 terrae
823 847 832 870 a
847 833 892 870 facie

161 897 213 933 unius
226 896 307 933 vilissimi
321 895 446 932 homuncionis
460 893 517 931 fecisti
531 893 621 939 recedere,
632 904 649 931 et
662 895 742 943 septenni
756 894 809 930 exilio
819 894 891 931 interra

160 957 293 1005 Aegyptiorum
312 953 394 992 habitare.
413 955 442 991 Tu
462 953 553 991 Christum
570 954 629 991 lesum
648 954 760 1002 unigenitum
777 953 810 990 Dei
825 952 889 998 filium,

160 1022 212 1063 quem
226 1027 291 1063 corpus
306 1014 404 1050 humanum
417 1026 450 1062 pro
463 1013 520 1050 salute
533 1022 594 1049 nostra
607 1012 709 1061 compulisti
717 1025 813 1059 assumere,
822 1013 890 1050 amaris-

159 1074 222 1111 simam
237 1087 307 1123 quoque
320 1074 427 1122 passionem,
437 1083 454 1109 et
463 1083 540 1110 mortem
554 1072 611 1109 fecisti
620 1082 717 1121 spontanea
725 1072 816 1109 voluntate
825 1072 889 1110 subire.

160 1133 246 1181 Magnum
256 1142 282 1169 est
291 1133 387 1180 imperium
396 1141 454 1178 tuum,
465 1146 475 1169 o
485 1131 586 1169 veneranda
594 1132 691 1169 sanctitatis
700 1131 796 1176 humilitas,
806 1133 890 1181 quoniam

158 1193 190 1231 tibi
203 1206 278 1243 regnum
293 1193 384 1230 coelorum
398 1193 515 1240 promittitur,
531 1194 567 1229 tuis
583 1192 680 1230 cultoribus
696 1192 809 1230 beatitudinis
822 1194 889 1241 sempi-

158 1254 297 1290 ternae'munus
310 1252 418 1296 conceditur,
432 1263 449 1289 et
462 1253 542 1301 quisquis
556 1262 585 1288 tua
599 1251 677 1290 custodit
690 1253 769 1301 vestigia,
780 1252 801 1289 ad
814 1252 888 1302 angelo-

159 1326 198 1349 rum
216 1312 338 1349 celsitudinem
356 1311 470 1355 sublirnatur,
488 1311 557 1348 dicente
576 1313 594 1348 in
610 1323 671 1348 sancto
689 1310 786 1360 Evangelio
805 1311 888 1349 Christo:

59 1383 119 1409 ruera.
159 1372 224 1410 Omnis
242 1372 272 1420 qui
288 1385 306 1408 se
324 1371 394 1416 exaltat,
413 1370 544 1407 humiliabitur:
562 1380 579 1407 et
597 1371 626 1419 qui
643 1384 661 1407 se
677 1370 765 1416 humiliat,
779 1370 888 1408 exaltabitur.

58 1447 95 1474 nan.
106 1456 125 1473 ῃ,
158 1432 185 1468 Te
199 1432 236 1469 Rex
252 1425 344 1468 coelorum
362 1430 430 1476 docuit,
447 1431 478 1479 qui
495 1431 532 1466 suis
547 1429 667 1466 imitatoribus
685 1429 735 1467 dixit:
749 1430 816 1467 Discite
829 1443 838 1467 a
852 1444 887 1475 me,

157 1489 198 1537 quia
211 1489 260 1525 mitis
273 1501 320 1534 sum,
335 1498 352 1524 et
366 1488 438 1524 humilis
452 1488 513 1534 corde,
528 1497 545 1524 et
558 1488 653 1525 invenietis
667 1490 745 1538 requiem
759 1488 849 1526 animabus
859 1503 888 1526 xe-

156 1548 203 1584 stris.
217 1548 320 1584 beatissima
334 1560 405 1596 quoque
418 1547 496 1597 genitrix
510 1548 575 1584 intacta
589 1548 641 1596 virgo
655 1548 716 1592 Maria,
731 1549 748 1585 in
768 1562 800 1586 suo
821 1550 888 1586 cantico

57 1607 88 1633 Luc.
98 1615 109 1633 1⁴
156 1605 211 1642 laudis
225 1605 328 1642 dulcissimo
342 1606 363 1643 de
376 1606 455 1642 Domino
469 1606 508 1643 Deo
522 1607 547 1642 sic
565 1606 650 1655 loquitur.
668 1607 756 1656 Deposuit
772 1616 853 1656 potentes
866 1607 888 1644 de

57 1671 132 1719 Fut-1⁰13
156 1663 232 1711 sedibus,
246 1674 263 1701 et
277 1664 358 1702 exaltavit
372 1664 454 1701 humiles.
466 1664 487 1701 Et
496 1665 584 1714 propheta
594 1665 637 1702 dicit
646 1666 663 1702 in
673 1666 748 1714 psalmo:
759 1666 842 1715 Respexit
851 1668 888 1704 Do-

57 1721 135 1755 E‘²¹⁰⁵·35·
155 1725 214 1761 minus
232 1725 250 1761 in
267 1725 356 1761 orationes
372 1723 477 1770 humilium,
495 1735 512 1761 et
529 1737 565 1762 uon
581 1726 649 1773 sprevit
664 1737 724 1773 preces
741 1739 809 1763 eorum.
823 1726 887 1763 Oratio

155 1798 224 1833 nanque
239 1783 349 1821 humiliantis
363 1797 381 1820 se
395 1782 450 1820 nubes
464 1793 550 1833 penetrat,
564 1793 581 1820 et
596 1783 652 1821 donec
665 1785 777 1834 propinquet,
792 1799 828 1823 non
842 1798 886 1822 con-

154 1843 247 1889 solabitur,
266 1855 283 1881 et
299 1856 338 1884 ,non
356 1843 443 1888 discedet,
462 1843 520 1882 donec
536 1843 633 1881 altissimus
651 1845 729 1893 aspiciat.
746 1845 855 1882 Monachum
869 1846 887 1882 in

155 1904 262 1940 conscientia
275 1916 307 1940 sua
320 1916 384 1952 purum
397 1903 488 1941 humilitas
502 1905 541 1941 Deo
555 1903 598 1941 facit
611 1905 743 1953 gratissimum,
758 1915 775 1941 et
789 1916 855 1954 quanto
868 1917 886 1941 se

154 1976 186 2012 pro
200 1963 233 2000 Dei
247 1962 315 2000 honore
329 1962 405 2011 aurplius
418 1962 536 2005 humiliando,
545 1962 633 2010 deiecerit,
641 1972 691 2000 tanto
700 1963 796 2013 gloriosior
804 1964 822 2000 in
831 1977 886 2012 regno

153 2022 249 2070 apparebit.
259 2021 365 2067 Monachus,
376 2022 405 2071 qui
415 2023 501 2060 veraciter
510 2035 529 2059 se
538 2021 625 2065 humiliar,
636 2021 682 2059 filius
691 2022 772 2059 altissimi
781 2035 813 2071 per
821 2024 887 2072 gratiae

153 2080 307 2129 participationem
322 2078 403 2124 efficitur,
418 2090 434 2117 et
448 2092 488 2116 curu
502 2092 544 2128 rege
558 2079 650 2117 coelorum
664 2082 704 2116 Iesu
714 2080 786 2118 Christo
799 2081 817 2117 in
830 2090 885 2118 aeter-

153 2152 196 2175 uurn
205 2139 305 2176 laetabitur.
315 2139 350 2183 Qui
360 2152 401 2175 vere
408 2139 501 2176 Christum
511 2140 576 2177 imitari
586 2138 678 2183 desiderat,
688 2139 807 2177 humilitatem
816 2153 886 2189 quoque

153 2211 213 2235 veram
227 2208 310 2242 assumat,
325 2211 358 2247 qua
372 2199 523 2243 circumamictus,
533 2208 550 2235 et
562 2196 641 2236 munitus
655 2200 705 2248 quasi
714 2198 768 2236 lorica
777 2198 885 2236 fortitudinis

152 2269 216 2305 magara
229 2256 287 2301 faeiat,
302 2256 323 2293 de
336 2269 354 2294 se
368 2258 450 2293 nonnisi
464 2257 538 2294 humilia
552 2258 629 2294 sentiens
645 2270 700 2295 vanae
714 2257 781 2306 gloriae
797 2258 885 2295 maculam

59 2326 131 2366 vxeram-
151 2329 187 2353 non
201 2317 284 2354 incurrat.
302 2316 350 2353 Haec
370 2317 417 2353 enim
431 2330 473 2353 vera
491 2317 622 2354 monachorum
640 2315 726 2366 perfectio
742 2326 777 2364 est,
795 2319 884 2366 propriam

44 2359 131 2427 fflffssfflssff'
151 2388 221 2424 semper
235 2374 391 2424 imperfectionem
404 2374 496 2413 humiliter
506 2388 642 2426 recognoscere,
653 2386 670 2413 et
679 2377 744 2425 potius,
756 2377 798 2426 quid
811 2378 826 2413 el
840 2378 885 2415 desit

43 2429 319 2495 {ffiffiffb011h<l1¹¹lffl<lflld
337 2433 408 2480 babeat,
424 2434 488 2471 sedulo
507 2436 592 2484 cogitare.
611 2436 657 2472 Vera
670 2448 747 2484 namque
764 2436 853 2474 humilitas
866 2438 883 2473 in

42 2498 94 2524 sidera.
150 2494 238 2531 anteriora
251 2506 282 2542 per
295 2493 402 2530 desiderium
417 2494 507 2532 charitatis
520 2507 592 2543 semper
605 2494 712 2541 extenditur,
721 2504 738 2531 et
747 2496 883 2543 praeteritorum

151 2565 201 2589 causa
214 2554 337 2599 memoratrix,
352 2567 373 2590 ne
387 2554 448 2602 perdat
462 2553 526 2600 habita,
540 2554 610 2597 metuit,
619 2565 635 2591 et
646 2554 718 2602 cupiens
732 2555 810 2592 nondum
825 2555 884 2593 habita

149 2625 180 2661 per
194 2612 272 2649 studium
286 2612 387 2650 devotionis
405 2614 502 2663 acquirere,
517 2615 534 2650 in
552 2614 651 2650 sanctitatis
665 2612 734 2651 fervore
751 2627 786 2652 non
803 2616 883 2664 tepescit.

148 2672 168 2708 In
181 2672 250 2720 quantis
263 2671 320 2708 adhuc
333 2671 409 2717 deficiat,
424 2672 555 2710 studiosissime
569 2672 676 2718 considerat,
687 2683 704 2709 et
718 2674 735 2710 in
749 2673 811 2722 quibus
825 2674 882 2724 prof·
