1968 3023
429 151 486 187 Sarma
500 151 523 208 Il.

215 323 217 326 -
237 303 280 339 Quae
290 303 311 332 sir
320 301 400 332 ordiaalr'o
410 301 451 331 ailae
462 302 611 331 areaataslicaebaaa.
623 301 680 330 Sarma
693 302 716 330 H.

148 426 213 450 uerutus
223 413 352 450 institutionem
361 412 469 449 sanctissimi
479 412 533 461 patris
542 412 599 448 nostri
607 410 705 456 Benedicti,
716 423 769 460 quam
780 411 845 447 usitato

111 421 144 508 L
154 471 241 509 vocabulo
255 472 370 520 religionem,
384 472 422 508 sive
436 469 517 508 ordinem
530 470 645 519 appellamus,
656 470 673 506 in
683 469 772 518 principio
782 468 844 506 funda-

108 534 161 570 tionis
175 545 218 569 suae
231 531 315 567 claruisse
328 531 466 576 sanctissimam,
481 540 498 567 et
512 543 542 579 per
556 540 611 567 totam
625 530 730 566 Latinorum
747 529 844 566 Ecclesiam

107 591 168 637 valde,
182 602 200 627 et
217 589 339 638 multipliciter
356 589 410 626 fuisse
428 589 525 626 dilatatam.
540 589 591 626 Unde
608 589 658 625 armis
675 587 813 637 quamplurimis
827 589 845 624 in

107 652 141 688 hoc
155 653 194 699 ipso
209 649 271 687 ordine
284 649 335 686 mrdti
349 649 450 686 claruerunt
464 650 497 686 viri
511 650 605 697 sapientes,
620 648 690 692 eruditi,
705 658 758 697 atque
773 649 845 685 sanctis-

106 712 154 756 simi,
165 711 196 759 qui
207 722 280 746 omnem
294 709 386 757 magnifice
398 709 511 746 illustrarunt
520 708 623 745 Ecclesiam.
637 709 681 745 Sunt
695 709 749 754 enim,
759 708 789 757 qui
803 708 845 744 scri·

107 771 148 807 bant
162 783 182 806 eu
197 770 229 806 hac
243 769 340 806 monastica
350 768 437 818 religione
446 778 508 805 nostra
517 779 617 805 sanctorum
629 768 711 817 catalogo
721 768 799 804 insertos
808 778 844 804 tam

108 831 162 875 viros,
176 842 229 877 quam
244 828 330 865 moniales
344 827 446 877 quindecim
460 828 515 865 millia
529 837 627 865 sexcentos.
641 828 713 865 Horum
731 826 782 864 nobis
798 827 844 863 mul-

107 889 165 925 titudo
179 899 281 925 sanctorum
295 888 312 925 in
326 887 388 924 ordine
402 887 465 924 fratres
479 888 500 924 ad
514 888 634 924 imitationem
648 888 761 936 proponitur,
773 900 809 924 non
823 886 844 923 ad

108 951 151 985 vanc
167 947 288 996 gloriandum.
302 946 351 991 Quid
367 960 430 983 eorum
449 947 544 984 inuititudo
562 946 612 984 nobis
633 946 654 983 ad
671 947 748 984 salutem
765 957 844 984 nostram

107 1018 166 1056 potest
179 1007 285 1053 conducere,
299 1008 313 1044 si
327 1008 489 1054 conversationem,
499 1020 533 1056 qua
542 1017 682 1055 praecesserunt,
691 1020 728 1044 non
741 1007 844 1043 imitamur?

107 1067 184 1111 Quoties
198 1066 265 1103 ordinis
279 1066 335 1103 nostri
348 1067 396 1103 viros
414 1067 538 1103 sanctissimos
552 1065 622 1103 laudare
635 1066 704 1103 utiliter
720 1067 808 1115 cupimus,
823 1066 844 1102 ad

107 1139 170 1163 eorum
184 1127 296 1163 consortium
310 1126 371 1162 venire
385 1126 450 1162 sanctis
464 1125 544 1162 moribus
554 1125 664 1163 festinemus.
679 1125 732 1163 Tunc
746 1126 812 1162 etenim
823 1125 844 1162 de

107 1184 223 1222 multitudine
240 1195 347 1225 sanctorum,
358 1181 425 1222 ordinis
443 1186 501 1222 nostri
518 1184 609 1222 fructuose
623 1184 751 1233 gloriabimur,
765 1185 780 1221 si
797 1195 845 1221 tecte

74 1282 76 1285 ,
107 1247 186 1282 viventes
201 1257 263 1281 eorum
281 1257 377 1281 nurnerum
391 1257 455 1293 augere
469 1244 533 1281 sedulo
547 1257 637 1282 conemur.
653 1245 751 1293 Propterea
767 1257 843 1294 namque

106 1314 173 1341 tantam
192 1303 244 1341 vobis
262 1303 394 1340 multitudinem
416 1314 519 1341 sauctorum
540 1304 666 1352 proponimus3
685 1314 704 1340 ut
722 1317 762 1341 cum
780 1304 844 1341 vicisse

107 1363 201 1409 araunium,
216 1375 232 1400 et
247 1375 317 1399 tamem
331 1363 397 1399 multos
415 1373 456 1400 ante
469 1376 502 1400 vos
520 1364 538 1400 in
551 1354 588 1400 hoc
599 1364 638 1412 ipso
654 1363 717 1400 ordine
735 1364 844 1412 conspicitis,

106 1423 127 1460 de
142 1434 200 1460 vestra
214 1422 285 1460 tandem
299 1424 435 1460 conversatione
445 1423 504 1472 tepida
514 1425 616 1473 resurgatis.
630 1424 728 1470 Virtutem,
743 1437 796 1473 qnam
810 1423 844 1460 illis

106 1484 140 1520 Dei
153 1484 246 1520 miseratio
261 1484 342 1528 contulit,
353 1482 403 1520 vobis
417 1484 435 1519 in
448 1484 490 1520 v'era
504 1483 589 1520 charitate
602 1482 703 1531 petentibus
717 1496 753 1519 non
767 1482 843 1532 negabit,

106 1543 193 1580 Vicerunt
207 1543 232 1579 illi
245 1541 338 1588 mundum,
349 1543 390 1592 quia
400 1543 493 1580 Christum
507 1552 545 1580 tota
558 1542 653 1580 devotione
667 1542 772 1589 dilexerunt,
783 1540 843 1580 omnia

106 1615 138 1650 pro
155 1604 193 1639 eius
211 1616 272 1640 amore
290 1612 431 1640 contemnentes.
446 1602 617 1652 Comptempserunt
636 1603 706 1649 omnia,
721 1612 738 1639 et
753 1603 842 1639 Dominus

106 1662 155 1698 lesus
169 1661 247 1711 providit
261 1661 301 1707 illis,
314 1674 431 1711 quaecunque
444 1661 549 1699 videbantur
562 1663 587 1698 eis
601 1661 622 1698 ad
635 1662 786 1698 sustentationem
797 1662 842 1698 vitae

106 1720 211 1756 necessaria.
225 1720 300 1757 Duravit
317 1720 345 1756 hic
363 1720 421 1757 fervor
439 1719 540 1757 devotionis
556 1721 686 1757 monachorum
707 1729 748 1769 post
765 1720 841 1768 primam

106 1779 174 1816 ordinis
188 1778 318 1816 institutionem
334 1779 412 1828 pluribus
426 1780 476 1816 annis
490 1780 508 1815 in
522 1792 585 1828 magna
599 1781 706 1823 constantia,
715 1788 733 1815 et
742 1779 841 1815 multorum

107 1839 183 1876 millium
198 1840 293 1876 hominum
306 1840 373 1876 animas
387 1840 475 1876 convertit
489 1839 510 1875 ad
523 1840 628 1876 Dominum.
642 1838 676 1875 Sed
689 1838 734 1875 nihil
748 1838 811 1875 stabile
824 1840 843 1876 in

106 1899 195 1945 humanis,
205 1898 249 1935 nihil
263 1910 367 1949 perpetuum
381 1899 398 1935 in
413 1898 490 1936 caducis.
504 1899 585 1936 Contulit
599 1900 691 1935 monachis
705 1899 769 1948 religio
783 1911 843 1936 sancta

106 1959 182 2003 divitias,
198 1958 254 1996 donec
267 1968 342 1995 matrem
356 1958 392 1994 filia
406 1971 426 1995 er
440 1969 521 2007 tempore
537 1957 635 1995 suffocavit.
648 1959 705 2002 Nam,
720 1969 739 1995 ut
755 1960 842 2007 scriptura

105 2017 158 2063 dicit,
172 2030 245 2064 ornnes,
259 2018 288 2067 qui
302 2017 364 2054 volunt
382 2017 446 2053 divites
460 2016 508 2062 fieri,
523 2016 601 2053 incidunt
617 2017 757 2053 intentationes
772 2016 842 2053 diaboli.

106 2078 216 2114 incrassatus
230 2087 256 2113 est
269 2076 351 2122 dilectus,
365 2086 382 2113 et
395 2076 523 2113 recalcitravit:
539 2077 666 2125 impinguatus,
681 2087 698 2112 et
712 2076 795 2114 dilatatus
810 2086 843 2113 ter-

106 2138 153 2173 renis
167 2135 316 2185 possessionibus,
330 2136 424 2185 dereliquit
438 2136 555 2173 institutionis
569 2136 636 2184 primae
650 2147 709 2173 sancta
723 2136 786 2180 studia,
801 2136 843 2173 abiit

106 2206 147 2245 post
160 2196 253 2239 vanitates,
264 2206 281 2232 et
295 2196 370 2232 insanias
384 2195 443 2241 falsas,
453 2208 506 2244 quem
520 2196 571 2243 copia
584 2208 644 2231 rerum
658 2194 784 2243 temporalium
798 2195 842 2231 divi-

106 2256 135 2292 tiis
149 2254 271 2304 spiritualibus
285 2256 367 2304 inopem,
382 2264 399 2290 et
412 2256 499 2291 miserum
513 2254 559 2291 fecit.
573 2255 622 2291 Haec
636 2255 704 2292 ordinis
717 2255 774 2292 nostri
791 2255 843 2291 mise-

106 2314 159 2351 randa
169 2314 273 2351 deformitas
288 2314 346 2362 coepit
360 2323 401 2362 post
411 2314 447 2350 divi
456 2314 511 2362 patris
520 2314 612 2351 Benedicti
621 2316 717 2351 transitum
727 2315 777 2350 anuis
787 2314 842 2350 ferme

106 2373 196 2420 ducentis,
211 2384 227 2410 et
241 2374 308 2422 magis,
322 2386 342 2409 at
356 2373 412 2423 magis
431 2386 472 2409 cum
483 2376 571 2421 'tempore
585 2374 650 2419 crevit,
664 2387 757 2423 quousque
771 2374 842 2411 tandem

106 2446 136 2481 per
149 2442 210 2469 totum
224 2432 304 2469 ordinem
319 2433 393 2469 noxium
407 2432 455 2468 virus
469 2445 508 2469 sese
518 2432 593 2470 diffudit.
607 2434 655 2469 Haec
667 2442 727 2469 atatem
737 2432 841 2470 deformitas

106 2493 187 2530 ordinem
206 2505 242 2529 non
258 2492 328 2537 subito,
342 2491 373 2528 sed
386 2485 418 2540 per
432 2491 531 2529 multorum
549 2505 650 2529 successum
663 2505 752 2529 annorum
770 2493 842 2530 tandem

106 2565 163 2601 poene
176 2561 236 2588 totum
247 2553 352 2600 'occupavit3
366 2551 447 2600 quamvis
457 2550 579 2599 Omnipotens
589 2552 637 2588 Deus
651 2551 702 2589 bonis
717 2564 758 2588 eum
769 2553 812 2589 viris
824 2554 842 2589 in

106 2622 144 2649 toto
158 2624 249 2660 nunquam
262 2611 372 2656 destituerit,
387 2610 418 2647 sed
432 2610 505 2659 reliquit
518 2610 551 2648 sibi
564 2625 634 2660 semper
647 2612 726 2660 aliqum,
741 2612 771 2660 qui
785 2625 842 2661 genua

106 2685 137 2709 sua
147 2681 188 2708 ante
197 2670 238 2707 Baal
248 2671 322 2708 minime
335 2672 451 2708 curvaverint.
466 2671 585 2709 Surrereruut
599 2673 646 2709 enim
657 2673 690 2708 viri
700 2672 840 2719 misericordiae,

873 835 952 862 Hmflm

864 870 952 897 ffimMm

864 912 952 932 mmmm

887 1615 951 1641 Qmm

866 1650 948 1684 mmmm

862 1692 951 1719 mwnm

863 1720 951 1754 mmmm

862 1754 951 1788 Qmmffi

863 1790 951 1821 mmmm

863 1832 891 1850 Μ
913 1824 951 1858 mm

863 1858 919 1885 mffim
