1968 3023
225 143 257 189 148
433 145 459 181 De
473 146 589 183 ntaaacltornta
603 147 693 185 obedientia
705 160 751 186 arra.

222 234 280 261 tamen
295 226 317 261 sit
331 226 362 262 tihi
376 237 458 276 suspecta
476 228 557 276 propriae
575 229 711 267 examinationis
729 232 823 278 sententia,
837 234 870 270 nisi
884 242 901 270 te
915 246 956 270 con-

222 282 293 320 firment
307 284 361 321 ctiam
375 285 440 322 indicia
453 287 514 324 aliena.
528 287 596 324 Horam
610 301 680 337 semper
695 291 753 338 cogita
767 289 826 336 illam,
839 291 857 328 in
870 304 904 340 qna
917 292 957 328 ato-

221 344 319 380 nrsterianr
334 347 457 384 conversionis
475 359 525 384 causa
539 348 616 395 primurn
632 349 721 397 ingressus
734 362 761 395 es,
774 359 802 395 nt,
815 351 886 398 quoties
900 364 909 387 a
922 349 956 387 ier-

221 415 264 440 vote
278 405 377 442 sanctitatis
391 417 492 455 torpentem
506 406 601 443 offenderis
617 409 702 454 animum,
716 409 737 446 ad
752 409 846 457 pristinam
860 406 957 446 novitiatus

222 475 307 499 renovare
321 477 375 512 queas
389 465 495 502 institutam.
509 466 549 502 Cito
563 466 630 513 poteris
645 466 681 503 heri
695 467 793 504 Monachus
807 466 869 514 bonus,
883 469 898 505 si
915 467 957 505 ohe-

221 521 314 568 dientiam,
329 534 346 559 et
360 524 479 561 hamilitatem
493 526 510 561 in
524 525 607 562 omnibus
621 539 690 576 semper
704 526 768 577 abique
785 521 895 564 custodieris.
909 526 957 564 Obe-

221 581 287 617 dientia
301 582 385 619 ltlonachi
394 595 435 620 vera
445 584 509 620 antrltas
523 586 540 622 in
554 597 575 621 eo
585 586 658 622 virtutes
668 596 773 636 congregat,
787 586 875 623 humilitas
889 596 955 631 autem,

221 654 243 678 ne
257 641 341 688 defluant,
355 654 471 693 congregatas
485 655 547 681 servat.
562 645 618 682 Omni
636 655 717 694 tempore
730 656 800 694 paratas
818 655 855 682 esto
869 645 956 682 mandatis
980 680 981 691 ,

221 698 293 736 obedire
306 702 387 748 pastoris,
403 711 420 737 et
433 712 590 751 qaantumcunque
609 704 626 740 in
640 717 696 753 agone
711 705 810 741 certaminis
828 705 883 741 sancti
899 703 941 753 prol
950 725 956 731 -

222 760 272 803 ceris,
287 772 322 796 non
337 761 411 798 extollas
425 763 503 799 catrianam
517 773 565 799 tuam
579 765 596 800 in
611 763 687 812 aliquam
701 764 791 812 profectus
809 757 956 801 aestimationem.

221 818 271 862 Quid
285 820 332 856 enim
346 831 387 857 sunt
401 821 478 858 iustitiae
491 833 562 860 nostrae
576 835 634 859 coram
645 824 737 861 Domino?
751 833 780 861 ant
794 824 835 873 quid
847 823 888 860 boni
899 823 957 860 facere

220 890 323 924 possamus¹
338 879 386 927 quod
402 879 431 916 ille
448 893 485 917 non
498 880 577 918 dederit?
592 882 682 926 Quoniam
697 883 755 928 Deras,
772 883 800 932 qui
819 892 844 919 est
863 883 922 920 omma
939 883 957 918 in

222 936 304 974 ornatibus
323 938 356 974 sihi
373 938 474 985 sufficiens,
489 950 507 976 et
520 940 569 977 solus
587 941 684 989 perlectas,
699 941 786 979 bonoram
804 951 907 979 nostrorum
921 953 957 977 non

222 1006 269 1045 eget,
284 998 350 1046 qnippe
364 999 393 1047 qai
408 1008 433 1035 est
447 1013 544 1043 snnrmtnn,
555 1010 572 1037 et
582 1000 728 1038 incommutabile
738 1000 810 1047 bonnm,
821 1002 837 1037 in
847 999 897 1037 cultis
909 1014 957 1037 com-

222 1057 315 1104 paratione
332 1058 391 1094 minus
409 1070 459 1102 sunt,
478 1072 530 1107 quam
551 1060 626 1096 nihilum
645 1073 706 1097 ornnes
724 1059 858 1097 iustificationes
877 1070 955 1097 nostrae.

222 1116 323 1153 hlonachus
340 1111 395 1165 igitur
413 1117 444 1155 sub
458 1117 525 1155 abbate
542 1120 649 1156 constitutus
667 1120 684 1156 in
702 1119 801 1157 htnnilitatc
817 1121 901 1156 veracitet
917 1117 957 1156 obe-

197 1176 201 1184 '
222 1178 278 1223 dieas,
293 1190 355 1214 secute
368 1176 455 1226 graditur,
470 1186 487 1214 et
501 1179 515 1214 si
529 1180 668 1226 perseveraverit
682 1180 767 1229 usquein
781 1179 835 1216 finem
848 1191 928 1227 pugnans
940 1187 957 1215 et

222 1239 303 1282 vincens,
318 1237 397 1286 gloriose
414 1236 561 1274 remunerabitur.
576 1238 622 1274 Vere
636 1237 711 1274 delectat
724 1252 763 1284 ine,
777 1238 850 1284 fratres,
866 1237 957 1274 humilitas

221 1297 332 1335 obedientiae
349 1308 431 1343 vestrae,
446 1311 499 1347 tautam
513 1298 639 1346 Otnrripotenti
656 1299 735 1335 Domino
753 1308 772 1335 ut
785 1297 845 1335 fideles
861 1296 957 1342 exhibetis;

220 1370 253 1394 nec
266 1370 295 1393 nte
308 1355 359 1394 vobis
375 1357 393 1392 in
406 1356 439 1394 hac
453 1368 501 1405 parte
514 1357 613 1394 Praelatutn
628 1358 704 1403 intueor,
714 1358 743 1395 sed
755 1358 831 1400 socium,
846 1367 863 1393 et
876 1357 956 1392 omniurn

220 1412 301 1453 vestrum
314 1416 407 1461 humilem,
421 1417 503 1464 quarnvis
517 1416 597 1453 inutilem
612 1417 720 1453 ministram.
734 1418 753 1453 ln
767 1415 794 1452 his
808 1428 856 1463 ergo,
870 1427 914 1463 quae
928 1427 958 1451 ve-

221 1486 277 1512 stram
292 1487 401 1512 concernunt
419 1475 505 1526 salutem,
519 1487 555 1511 non
569 1487 640 1520 meam,
655 1487 727 1523 precor,
741 1474 957 1524 loquentem,respiciatis

221 1546 323 1582 personam,
339 1533 369 1569 sed
383 1534 465 1570 omnium
480 1535 538 1581 potius
548 1534 647 1570 Dominum
661 1546 780 1577 commanem,
791 1546 823 1583 pro
835 1533 884 1569 cuias
896 1544 957 1569 aratore

221 1605 250 1628 me
264 1592 357 1640 indignum
367 1592 459 1629 hominem
469 1592 519 1629 vobis
529 1592 639 1641 praefecistis
649 1591 741 1629 Abbatem.
751 1593 789 1640 Ego
799 1592 845 1628 enim
855 1590 904 1628 vobis
913 1590 958 1628 bene

221 1650 332 1689 currentibus
350 1664 386 1689 non
405 1665 435 1689 ero
453 1652 549 1689 molestas:
563 1653 577 1689 si
592 1653 631 1701 quis
645 1661 703 1688 atatem
721 1651 835 1689 declinaverit
848 1664 857 1687 a
870 1651 898 1687 via
913 1652 958 1686 veri-

221 1714 267 1759 tatis,
282 1712 381 1761 compellor
394 1711 465 1749 obviare
479 1724 511 1761 pto
525 1711 591 1750 viribus
606 1713 659 1749 etiam
674 1713 745 1755 invitus.
759 1711 832 1759 Semper
843 1710 909 1759 cogitet
920 1710 958 1746 nto-

220 1772 288 1809 nachus
298 1772 392 1809 introitum
406 1785 459 1809 saum
472 1771 493 1809 ad
505 1771 617 1816 coenobium,
628 1780 646 1808 et
655 1784 745 1819 ratrrtqnatn
755 1769 869 1808 obliviscatur
879 1769 956 1817 primum

221 1832 339 1869 institutionis
353 1845 395 1868 suae
408 1833 527 1880 propositam.
541 1832 561 1867 ln
575 1830 657 1867 omnibus
667 1842 738 1880 quoque
749 1828 832 1878 operibus
845 1829 879 1864 tuis
894 1841 904 1865 o
918 1837 957 1865 rno-

220 1892 276 1929 nache
290 1904 360 1940 semper
374 1892 438 1941 cogita,
453 1892 537 1940 quoniam
550 1903 587 1926 non
600 1903 618 1926 es
632 1889 726 1926 diuturnus
739 1902 792 1937 super
805 1898 880 1933 terram,
893 1888 923 1924 sed
939 1888 957 1924 in

220 1951 269 1989 brevi
287 1950 307 1988 ab
324 1951 357 1988 hac
375 1952 411 1987 vita
429 1951 537 1998 migraturus
551 1962 579 1995 ες,
593 1960 610 1986 et
624 1949 693 1998 qttartdo
711 1947 786 1986 forsitan
803 1960 839 1986 non
856 1947 956 1992 existimas,

221 2013 324 2049 moriturus
339 2010 414 2048 Custodi
429 2023 471 2059 ergo
489 2009 594 2047 inviolatum
608 2009 705 2045 sarrctitatis
719 2009 842 2057 propositum,
857 2019 873 2043 et
887 2018 957 2053 semper

220 2083 259 2109 esto
272 2071 348 2121 vigilans
362 2072 378 2107 in
393 2070 476 2119 operibus
491 2069 548 2114 bonis,
563 2080 582 2106 ut
596 2082 635 2105 cum
649 2070 716 2106 venerit
730 2069 830 2113 Dominus,
842 2076 860 2104 et
875 2076 893 2103 te
905 2078 957 2103 voca-

220 2133 272 2179 verit,
286 2131 364 2168 inveniat
378 2141 507 2179 praeparatam.
517 2129 616 2174 Memento,
625 2129 709 2178 qnoniam
724 2128 826 2177 peregrinas
841 2139 858 2163 es
872 2126 956 2170 interra,

220 2205 252 2228 nec
266 2190 319 2228 habes
328 2190 358 2227 hic
368 2199 469 2227 manentem
480 2189 577 2234 civitatem,
586 2187 616 2225 sed
626 2185 778 2237 quernadmodum
787 2186 844 2221 viator
855 2184 957 2221 festinanter

220 2251 241 2288 ad
255 2252 324 2288 itineris
337 2251 435 2287 terminum
450 2260 543 2298 properat,
557 2249 581 2284 ita
595 2260 643 2284 mots
661 2245 682 2283 ad
695 2256 713 2283 te
726 2244 805 2294 quotidie
819 2245 856 2280 sine
869 2243 957 2280 intetntis-

220 2312 270 2348 sione
286 2310 421 2358 apptopinqnat.
436 2309 483 2345 Dama
498 2320 540 2356 ergo
554 2319 606 2343 sanus
620 2319 645 2351 es,
660 2305 735 2353 dispone
749 2303 823 2341 domant]
840 2302 957 2339 conscientiae

219 2381 265 2413 tuae,
279 2379 299 2406 ut
312 2377 389 2405 mortem
403 2380 440 2404 non
453 2367 522 2409 timeas,
536 2365 621 2415 quoniam
634 2377 674 2401 raro
688 2362 731 2400 bene
745 2363 827 2408 motitur,
841 2363 870 2411 qui
883 2374 924 2405 non,
937 2372 956 2397 ut

220 2428 300 2477 qarotidie
310 2428 414 2470 moriturus,
425 2436 543 2475 praeparatur.
558 2425 575 2462 O
589 2437 642 2473 atram
656 2435 718 2460 secure
732 2422 752 2458 de
766 2422 797 2458 hac
811 2421 846 2457 vita
857 2420 955 2457 ntotttchns

220 2486 320 2536 egreditur,
334 2487 363 2535 qui
382 2486 510 2523 conscientiam
524 2484 604 2521 inomni
618 2483 694 2531 paritate
712 2480 812 2517 custodiens
828 2479 920 2525 inundant,
935 2478 956 2515 ad

220 2548 340 2595 integritatem
358 2544 430 2594 regulae
448 2545 556 2581 sanctissimi
571 2542 677 2591 legislatoris
695 2541 751 2578 nostri
769 2553 824 2588 usquc
842 2539 862 2575 ad
878 2548 955 2575 mortem

221 2608 258 2643 sine
268 2607 405 2654 reprehensione
416 2605 556 2651 omnitempore
566 2613 687 2639 conversatur.
697 2600 796 2637 Dominum
806 2609 888 2636 nostrum
897 2598 956 2634 lesam

222 2666 313 2702 Christum
328 2665 377 2713 qnasi
392 2673 512 2712 praesentem,
523 2663 579 2699 immo
589 2674 676 2711 nusquam
686 2659 782 2704 absentem,
793 2671 843 2695 mens
852 2667 882 2694 tua
893 2657 957 2705 iugiter
