1968 3023
64 388 133 414 Hnnrilitaa

46 423 134 449 onrninmvir·

46 464 88 484 tntum
105 467 134 484 ner·

46 501 74 518 vns.

155 132 177 168 82
374 134 400 170 Dr
412 133 495 171 trrortarhis
507 135 525 171 in
537 135 584 172 viam
597 134 667 172 directis.

154 211 281 248 coutumeliam
292 225 326 249 non
337 214 463 259 comminatur,
477 216 495 251 in
508 225 569 253 saneto
583 225 617 251 stat
631 214 675 251 fixus
689 215 791 264 proposito,
803 226 820 253 et
833 228 887 265 quan-

153 271 235 310 tumlibet
248 273 316 310 irruant
330 274 411 323 improbi,
422 288 457 312 non
467 286 554 313 movetur.
569 275 727 319 Quemadmodum
738 276 755 312 in
764 276 818 324 pratis
831 285 884 325 anget

154 342 253 380 opportuna
267 332 326 381 pluvia
340 333 417 378 foenum,
431 335 455 371 ita
469 335 557 372 monacho
571 335 634 372 crescit
647 336 731 372 meritum
745 347 766 371 ex
779 334 843 372 humili
858 345 885 372 to-

154 390 228 427 lerantia
241 391 353 430 iniuriarum.
367 394 455 431 Omnium
464 406 529 431 nervus
539 394 626 431 virtutum
636 394 735 441 humilitas,
749 403 766 430 et
780 394 848 432 mihera
857 393 888 430 bo-

154 462 219 488 norum
233 464 309 500 operum
323 463 405 490 constans
418 453 439 490 ad
453 454 525 490 iniurias
534 466 567 502 pro
577 454 610 491 Dei
624 466 684 491 amore
698 454 788 501 patientia.
800 454 888 503 ‘Egressu-

154 524 184 548 rus
202 512 260 561 itaque
274 513 291 549 in
305 513 350 549 viam
365 513 386 550 de
401 515 510 551 monasterio
523 527 609 564 praepara
622 527 652 552 cor
670 523 721 551 tuum
735 513 757 551 ad
773 513 886 551 tolerantiam

155 571 266 618 iniuriarum,
275 582 292 609 et
301 583 379 610 mentem
394 572 488 611 corrobora
498 575 592 611 adversuan
608 574 711 611 insolentias
721 573 827 611 derisorum.
842 574 887 611 Cum

154 630 288 668 inclamaverint
302 642 341 682 post
355 640 424 682 tergum
438 643 490 670 tunm
503 633 609 679 nebulones,
623 647 689 671 nomen
703 634 834 684 ingeminantes
849 646 887 671 mo·

154 690 212 736 nachi,
227 691 318 728 Christum
334 701 425 729 memento
439 694 516 739 irrisum,
532 704 549 730 et
563 704 669 742 consputum
683 703 724 731 tante
738 694 843 744 praesidem,
858 693 888 743 qui

153 763 189 788 non
204 751 296 799 respondit
310 751 391 799 verbum,
405 752 435 789 sed
449 753 512 789 tacitns
527 752 643 791 conservabat
658 754 767 801 patientiam.
781 753 834 790 Hunc
847 753 887 790 imi-

153 822 190 847 tare
205 810 274 847 Ducem
284 824 294 848 o
304 811 398 850 monache:
411 812 458 850 hunc
468 826 539 862 semper
548 814 628 850 ausculta
641 824 780 863 praeceptorem,
795 814 825 862 qni
839 813 887 850 mitis

154 870 217 916 extitit,
231 882 247 907 et
261 870 333 908 humilis
347 872 405 909 corde.
421 872 463 909 Non
476 872 583 921 respondeas
596 882 614 909 te
628 871 742 910 irridentibus
755 871 837 915 verbum,
851 884 887 909 raon

154 929 256 979 intorqueas
270 928 334 968 faciem
347 940 396 968 tuam
410 942 514 978 retrorsum,
529 932 560 969 sed
574 931 629 969 dicito
644 930 684 968 cum
698 931 796 980 propheta:
811 931 848 974 Qui
861 931 887 967 in-

119 1007 122 1015 *
154 989 248 1038 quirebant
261 990 307 1027 mala
320 991 375 1037 mihi,
390 991 444 1028 locuti
458 1001 499 1028 sunt
512 992 609 1035 vanitates,
624 1002 640 1028 et
654 991 705 1029 dolos
719 1000 757 1029 tota
771 991 799 1028 die
812 991 887 1028 medita-

155 1049 229 1087 bantur:
244 1050 282 1099 Ego
296 1059 354 1087 autem
364 1060 453 1100 tamqnam
464 1051 527 1088 surdus
537 1064 573 1088 non
583 1050 680 1095 audiebam,
695 1060 711 1087 et
725 1052 772 1088 sicut
782 1059 842 1087 mutus
851 1062 887 1087 non

155 1109 234 1158 aperiens
248 1123 268 1147 os
277 1123 341 1147 snum:
356 1110 377 1146 Et
391 1110 447 1147 factus
456 1124 496 1148 sum
505 1112 550 1148 sient
564 1111 619 1149 homo
633 1124 669 1149 non
683 1110 763 1156 audiens,
778 1120 795 1148 et
808 1122 844 1148 non
857 1110 887 1147 ha-

155 1169 198 1207 bens
214 1171 231 1207 in
245 1183 276 1207 ore
290 1184 322 1207 sno
336 1169 474 1220 redargutiones.
488 1171 528 1208 Hoc
542 1171 624 1208 Christus
638 1171 690 1216 lecit,
704 1171 739 1208 hoc
756 1171 806 1208 Iesus
820 1170 887 1208 docuit:

153 1228 189 1266 hoc
202 1230 239 1267 Rex
253 1232 334 1267 omnium
349 1232 442 1280 praecepit,
457 1232 505 1268 cuins
521 1232 535 1268 si
545 1233 571 1269 vis
585 1244 623 1268 esse
637 1231 770 1279 discipulus,ad
784 1243 847 1268 omnes
861 1231 886 1267 in-

154 1289 208 1325 iurias
225 1302 296 1338 semper
305 1299 376 1337 oportet
389 1290 412 1327 sis
421 1301 498 1339 paratus¹
512 1291 625 1328 Constitutus
639 1291 655 1327 in
670 1291 738 1335 itinere,
749 1304 783 1339 qna
794 1301 844 1338 potes
858 1290 887 1327 de-

154 1348 232 1392 votione,
243 1349 332 1386 orationes
345 1359 384 1385 toas
394 1350 485 1387 canonicas
495 1350 553 1387 dicere
562 1363 598 1387 non
610 1350 697 1399 negligas,
708 1359 725 1386 et
738 1362 808 1398 semper
821 1348 887 1398 aliquid

154 1407 195 1446 boni
209 1418 268 1445 tecum
281 1409 298 1445 in
312 1418 377 1453 mente,
387 1408 414 1445 vel
428 1409 500 1453 orando,
510 1409 539 1446 vel
552 1409 655 1447 meditando
664 1409 752 1446 revolvas.
765 1409 854 1445 Dominus
862 1420 886 1445 te-

154 1481 194 1505 cum
209 1468 293 1518 graditur,
308 1478 325 1505 et
338 1470 394 1506 sancti
409 1469 465 1518 angeli
475 1469 512 1506 eius
522 1480 540 1506 te
549 1468 669 1506 ambulantem
685 1469 798 1505 comitantur,
812 1468 833 1504 Et
846 1467 887 1504 ideo

154 1540 185 1564 cor
198 1528 284 1565 mundum
299 1540 385 1565 conserva
395 1529 412 1564 in
422 1518 510 1572 omnibus,
521 1541 543 1564 ne
552 1537 643 1565 tantorum
657 1527 736 1564 offendas
750 1527 837 1564 comitum
850 1539 886 1563 ma-

153 1589 240 1625 iestatem.
254 1589 343 1625 Donainns
356 1588 416 1624 oculus
430 1597 456 1624 est
469 1597 524 1632 totus,
536 1598 554 1624 et
568 1588 639 1633 nuris,a
653 1588 703 1623 cuius
716 1587 780 1624 notitia
793 1586 838 1623 nihil
849 1585 887 1623 abs-

154 1647 241 1686 conditur.
256 1647 370 1685 Sermonibns
382 1648 417 1685 tuis
426 1649 486 1696 ingena
501 1647 564 1685 adhibe
574 1647 680 1693 custodiam,
691 1658 708 1685 et
719 1647 820 1695 praeveniat
834 1659 887 1683 omne

153 1707 226 1745 verbnm
237 1710 273 1745 oris
282 1707 385 1745 deliberatio
396 1708 459 1752 cordis,
470 1716 489 1745 ut
498 1708 549 1752 nihil,
560 1708 626 1756 dequo
636 1708 728 1755 poenitere
738 1707 802 1755 possis,
813 1707 887 1743 omnino

153 1767 237 1818 loquaris.
251 1768 278 1805 os
291 1767 374 1804 monachi
388 1767 472 1816 loquitur,
487 1778 504 1803 et
517 1780 579 1816 pauca,
594 1778 610 1804 et
624 1766 745 1811 rationabilia,
761 1775 777 1802 et
791 1765 836 1803 labia
849 1766 886 1803 eius

152 1819 243 1877 nunquam
257 1826 344 1864 excedunt
357 1827 375 1863 in
388 1840 478 1865 sermone
493 1826 558 1864 Omnis
573 1827 685 1864 conversatio
696 1826 734 1862 eius
748 1826 766 1861 in
779 1824 886 1862 aedificatio-

153 1900 194 1923 nem
209 1887 281 1936 ponitur
295 1888 429 1936 proximorum
442 1896 465 1930 et,
479 1887 509 1935 qui
523 1885 604 1923 moribus
618 1886 670 1923 docet
683 1884 780 1934 plurimos,
795 1885 848 1921 etiam
861 1894 886 1920 ta-

154 1959 194 1984 cens
205 1946 254 1983 ntilia
267 1946 352 1995 loquitur.
366 1946 403 1990 Qui
416 1955 485 1983 amator
498 1958 550 1983 verus
564 1955 590 1982 est
603 1946 647 1991 Dei,
660 1943 761 1981 humillime
775 1945 793 1980 in
806 1944 834 1979 via
847 1955 886 1991 gra-

153 2005 208 2042 ditur:
223 2014 246 2051 et,
260 2005 289 2054 qui
303 2005 354 2041 timet
363 2003 475 2048 altissimum,
485 2017 506 2040 os
515 2017 568 2041 suum
578 2017 587 2040 a
598 2004 684 2040 cachinno
698 2012 792 2051 temperat.
805 2002 886 2040 inomni

152 2066 187 2102 vita
201 2074 231 2102 tua
244 2065 338 2101 mortalem
352 2075 369 2101 te
378 2065 441 2113 cogita,
452 2075 469 2101 et
478 2066 527 2113 quasi
537 2065 567 2114 qui
577 2065 612 2101 iam
622 2064 706 2101 ultimum
716 2063 782 2099 emittit
796 2062 885 2111 spiritum,

152 2127 232 2164 moriens
245 2126 307 2163 vivito.
321 2125 370 2162 Felix
383 2138 463 2173 regnum,
477 2135 494 2162 et
508 2125 557 2162 dives
571 2123 617 2172 apud
632 2124 691 2160 Deum
706 2122 802 2171 provincia,
817 2123 834 2158 in
848 2122 885 2170 qui-

152 2185 184 2222 bus
198 2198 238 2222 cnm
252 2185 309 2222 Boote
319 2194 429 2233 consurgunt
442 2184 531 2227 monachi,
545 2184 630 2232 quoniam
645 2180 674 2218 nbi
688 2194 724 2218 non
738 2190 764 2217 est
777 2181 832 2217 timor
845 2181 885 2224 Dei,

152 2245 242 2295 replentur
255 2244 323 2281 theatra
337 2242 464 2280 claustralibus.
478 2243 578 2279 Monachus
588 2242 643 2278 invia
653 2240 703 2289 quasi
713 2241 745 2286 vir,
755 2241 784 2288 qui
794 2239 885 2277 dormiens

151 2305 241 2355 loquitur3
257 2316 297 2340 cum
311 2302 420 2352 evigilaverit
433 2303 454 2340 de
468 2315 542 2348 somno,
556 2301 600 2338 nihil
614 2312 682 2344 eorum,
697 2313 741 2348 quae
757 2300 884 2344 somniaverat,

151 2365 239 2402 meminit.
254 2363 282 2400 Sic
291 2363 338 2399 enim
346 2375 403 2399 canon
412 2362 521 2400 monasticus
531 2362 623 2410 praecipit.
635 2361 674 2397 Nec
683 2369 784 2408 praesumat
792 2356 885 2408 qnisquam

152 2424 190 2461 aliis
203 2421 274 2469 referre,
288 2434 409 2471 quaecumque
423 2421 467 2458 foris
481 2421 609 2458 monasterium
623 2419 692 2462 viderit,
707 2429 736 2455 aut
749 2418 829 2461 audierit,
844 2418 884 2466 quia

151 2484 227 2532 plurima
241 2483 337 2520 destructio
352 2492 383 2519 est.
398 2480 452 2525 Quod
466 2482 480 2517 si
494 2482 533 2529 quis
548 2478 692 2529 praesumpserit,
707 2476 795 2514 vindictae
809 2477 885 2525 regulari

152 2542 246 2580 subiaceat.
263 2542 358 2588 Similiter,
373 2542 433 2590 etqui
451 2539 591 2588 praesumpserit
608 2537 683 2575 claustra
697 2537 801 2574 monasterii
815 2535 884 2584 egredi,

152 2602 179 2639 vel
194 2615 300 2651 quocunque
313 2602 349 2647 ire,
364 2600 391 2637 vel
405 2599 489 2649 quicquid
503 2598 583 2648 quamvis
598 2596 691 2645 parvulum
709 2597 747 2632 sine
765 2596 843 2633 iussione
856 2594 884 2631 ab·

152 2660 196 2698 batis
211 2661 273 2699 facere
287 2661 337 2698 Hanc
350 2661 396 2697 vitae
410 2672 492 2698 normam
505 2658 606 2696 voluntarie
619 2656 736 2705 suscipientes
749 2656 767 2692 in
781 2655 818 2692 eius
831 2653 885 2691 verba
