1968 3023
304 151 353 189 Liber
365 151 453 189 Peaticlatts
465 151 533 189 Ioannis
550 151 629 188 Tritrrrtir'.
645 161 646 165 ¹
801 161 837 198 259

101 234 119 270 in
132 233 202 282 praxim
216 241 341 269 convertatur:
356 231 421 269 Videte
430 231 501 269 ordines
511 241 596 278 caeteros,
606 240 623 268 et
635 244 656 267 ex
666 244 728 269 eornm
738 230 835 281 diligentia,
885 238 947 265 Procura-

101 290 144 342 quid
161 286 212 329 vobis
228 290 330 329 faciendum
346 292 376 339 sit,
390 292 497 341 agnoscetis.
510 291 537 328 De
555 291 592 328 suis
608 291 735 328 Procuratores
753 291 771 327 in
786 291 835 328 Urbe
857 278 946 343 {biblii

100 353 182 390 Romana
196 351 312 396 constituunt,
323 352 352 401 qui
366 352 455 389 malorum
469 352 561 401 principiis
574 350 649 388 viriliter
658 350 753 396 obsistant,
763 360 780 389 et
791 351 836 388 nihil
857 342 946 412 ssssffqffi

101 419 163 449 contra
181 411 263 448 ordinem
280 424 333 448 suurn
352 412 476 449 convalescere
493 412 611 460 permittunt:
626 410 647 448 Et
664 423 702 454 vor,
716 411 787 457 Patres,
800 411 835 448 nisi
856 420 905 472 illlis
918 412 946 472 dss}

100 471 159 508 simile
173 470 256 516 feceritis,
266 473 326 520 gravia
335 472 399 509 damna
408 473 426 509 in
435 482 526 521 posterum
536 471 622 508 sentietis.
636 470 654 507 Si
666 482 710 518 ergo
720 469 758 507 fieri
766 479 834 519 potest,
857 467 945 521 quagesima

100 532 115 567 si
129 530 191 578 placet,
206 530 281 579 eligatur
294 530 357 580 aliquis
371 544 392 567 en
405 531 478 575 ordine,
492 531 519 567 vir
535 530 615 576 zelosus,
629 529 715 575 devotus,
730 529 803 573 doctus,
818 539 835 566 et
857 516 920 542 ‘’ffi‘fflm'

101 600 192 638 expertus,
207 591 287 639 quinon
301 591 359 628 mimas
373 590 440 638 favore,
454 604 506 640 quam
521 590 560 628 zelo
574 599 645 639 pugnet,
656 590 686 638 qui
695 588 771 637 publicis
786 602 836 627 com-

100 648 154 686 moda
167 662 199 686 sua
212 662 248 686 non
262 649 355 697 praeferat,
371 650 400 699 qui
414 649 482 687 labores
496 662 532 687 non
545 649 610 698 fugiat,
625 649 654 697 qni
673 657 734 685 contra
750 649 835 685 commis-

100 709 170 745 sionem
185 707 400 754 sibifaciendam,nil1il
418 723 449 746 sua
464 710 565 746 temeritate
583 717 667 752 attentet,
680 708 711 757 qui
729 716 836 756 procurator

101 766 168 805 ordinis
179 767 287 804 constitutus
301 768 318 805 in
328 767 377 814 urbe,
388 781 420 815 pro
430 767 495 805 eodem
504 781 574 816 semper
583 767 658 805 sollicite
668 767 755 816 invigilet.
769 767 835 815 Credo,

100 828 115 863 si
128 827 168 863 talis
177 825 278 872 haberetur,
289 827 345 864 multa
354 827 433 876 pericula
442 826 509 864 ordinis
519 828 626 865 constitutus
640 828 658 864 in
669 826 718 873 urbe,
728 839 760 875 pro
770 827 835 864 eodem

100 898 172 933 semper
184 885 262 922 sollicite
275 885 361 934 invigilet.
376 885 442 932 Credo,
452 887 467 923 si
481 886 520 923 talis
534 885 633 932 haberetur,
644 886 700 922 multa
713 885 793 933 pericula
806 898 835 923 or-

100 944 146 981 dinis
160 945 276 994 praeveniret.
290 945 368 981 Maxima
382 946 428 982 enim
443 944 555 993 providentia
568 955 599 991 est,
609 945 624 980 si
633 953 738 992 procurator
751 944 769 980 in
783 943 833 989 urbe,

100 1003 144 1040 falsa
157 1014 175 1040 et
188 1003 228 1040 ficta
242 1003 346 1041 denuntiare
364 1016 424 1041 coram
437 1006 486 1052 Papa
499 1004 584 1052 potuerit,
597 1016 642 1052 quae
655 1003 734 1051 perversi
749 1002 835 1040 monachi

100 1075 133 1111 pro
151 1062 311 1101 dismembratione
328 1077 369 1108 sua,
383 1073 402 1101 ut
416 1076 466 1109 vera,
480 1064 600 1101 mentiuntur:
616 1063 637 1099 Et
654 1063 689 1099 hoc
706 1074 742 1099 non
760 1074 836 1111 magnae

101 1121 209 1159 difficultatis
223 1135 268 1171 opus
282 1132 315 1161 est:
330 1123 399 1161 Omnes
414 1123 461 1160 eninr
475 1135 543 1168 causae,
553 1135 596 1171 quas
610 1122 691 1172 allegant,
702 1120 803 1169 formidine,
818 1131 835 1159 et

100 1182 193 1219 mendacio
203 1181 265 1231 plenae
275 1192 321 1219 sunt.
331 1180 414 1218 Vicariu's
428 1191 487 1218 autem
497 1180 571 1226 Christi,
582 1181 611 1229 qui
625 1181 681 1229 magis
691 1181 834 1228 importunitate,

100 1253 154 1289 quant
162 1241 223 1278 favore
233 1240 358 1278 translationes
366 1241 495 1278 monachorum
505 1238 592 1286 concedit,
600 1252 640 1284 cum
649 1240 762 1289 allegationes
771 1252 834 1276 eorum

100 1300 196 1349 diligenda,
207 1301 328 1348 procuratoris
346 1301 402 1351 nostri
420 1300 500 1349 repulsas
517 1299 636 1348 perspexerit,
649 1298 732 1349 gaudebit
748 1293 767 1335 se
785 1312 835 1336 occa-

100 1360 171 1396 sionem
184 1360 274 1397 invenisse
283 1359 366 1405 negandi,
375 1359 423 1408 qnod
433 1360 498 1396 invitus
507 1359 598 1396 concedit:
611 1359 658 1396 Nam
672 1369 689 1395 et
701 1359 737 1407 ipse
747 1358 834 1396 iudicium

99 1419 174 1455 Domini
187 1419 215 1455 sui
228 1420 347 1466 pertimescit:
361 1419 375 1454 si
389 1432 432 1467 ergo
442 1418 564 1467 vigilaremus,
573 1417 684 1455 defensorem
694 1417 761 1455 ordinis
775 1419 833 1455 nostri

59 1493 60 1496 ¹
99 1477 150 1514 illum
164 1477 277 1524 haberemus,
287 1487 304 1514 et
318 1477 433 1515 advocatum:
447 1477 485 1514 sola
498 1477 606 1526 negligentia
619 1486 681 1514 nostra
694 1477 780 1525 arguitur.
795 1477 836 1515 Sola

100 1538 176 1586 parcitas
190 1538 290 1581 damnatur,

204 1666 263 1695 canna
273 1676 304 1702 eoa,
314 1666 342 1703 qni
351 1666 390 1695 boam
400 1665 536 1695 alr'oaaslert'ornm
546 1665 625 1695 iaarrlilr'ler
634 1667 730 1696 cotrsnmrrul,

186 1728 201 1755 ef
213 1725 269 1755 ordina·
281 1727 307 1755 vel
318 1725 335 1754 in
348 1724 408 1755 aaronica
421 1725 505 1755 subvenire
519 1726 622 1755 confermarint·
647 1725 685 1762 Cap.
702 1724 748 1754 Vlla

369 1775 377 1786 *A

101 1831 158 1918 San
172 1823 214 1860 libet
227 1824 263 1859 iam
276 1825 363 1873 impetum
379 1822 475 1860 verborum
489 1824 550 1860 ineos
564 1832 641 1865 vertere,
656 1823 687 1871 qni
700 1822 758 1859 ordini
771 1832 834 1860 sancto
885 1835 944 1869 uaprasaa

142 1885 160 1921 in
173 1884 226 1921 tantis
244 1883 388 1926 necessitatibus,
403 1896 435 1919 nec
452 1883 470 1918 in
489 1882 561 1919 modico
575 1881 670 1931 dignantur
687 1881 787 1920 subvenire.
804 1883 835 1919 lsti
855 1869 939 1896 M²¹¹l¹¹³¹¹¹¹l
968 1900 969 1903 ¹

55 1946 58 1950 ’
99 1953 141 1979 sunt
154 1942 232 1980 Abbates
246 1943 337 1990 mundani,
347 1943 425 1989 inutiles,
435 1941 556 1989 voluptatibus
570 1940 669 1989 deditioni
680 1942 709 1990 (ut
717 1940 775 1978 verbis
784 1942 835 1978 Man-

99 2003 150 2039 tuani
163 2003 210 2051 utar)
219 2001 301 2051 neglecto
310 2014 393 2050 superum
405 2001 459 2044 cultn,
469 2010 565 2050 spretoque
578 2000 656 2038 tonantis
669 2001 753 2049 imperio,
763 2001 835 2038 Baccho
888 2009 890 2012 ⁴

99 2061 197 2111 indulgent,
207 2062 310 2111 Venerique
322 2062 431 2099 mitaistrant:
445 2061 497 2097 Sacra
510 2060 569 2098 ferunt
583 2073 633 2105 auro,
644 2061 703 2098 numis
717 2061 779 2098 altaria
793 2075 835 2099 con·

100 2120 150 2167 dunt,
159 2124 210 2158 Anto
223 2121 264 2157 vina
278 2120 338 2166 libant,
348 2133 391 2157 auro
404 2120 493 2170 laquearia
506 2119 585 2170 fulgent:
600 2121 662 2157 Scotta
674 2130 737 2170 tegunt
750 2122 836 2170 gemmis,

100 2180 172 2218 canibus
186 2180 267 2218 convivia
281 2191 359 2228 ponunt:
374 2180 446 2216 Exuviis
460 2180 533 2227 inopum
548 2179 595 2223 culti,
610 2179 690 2229 ditesque
706 2180 778 2228 rapinis,
793 2181 835 2217 Suc·

100 2252 150 2277 cessu
164 2240 210 2283 elati,
224 2251 306 2286 superos,
320 2239 457 2287 Aclrerontaque
470 2237 538 2275 rident:
554 2238 608 2275 Nulla
621 2239 646 2274 eis
661 2238 681 2275 de
695 2240 796 2276 animarum
808 2252 835 2275 sa-

68 2332 70 2334 .
99 2298 137 2334 lure
151 2311 193 2335 cura
206 2308 237 2340 est,
247 2311 299 2335 arnor
309 2298 341 2334 Dei
355 2296 423 2343 nullus,
437 2296 485 2333 nulla
499 2297 597 2334 reverentia
611 2307 720 2343 sanctorum,
730 2298 835 2334 exercitatio

100 2356 149 2394 nulla
162 2358 260 2394 virtutum:
274 2358 304 2394 Hii
318 2366 359 2393 sunt
374 2355 450 2393 Abbates
465 2356 542 2403 capitulo
556 2367 616 2392 vestro
629 2356 710 2398 rebelles,
725 2357 755 2405 qui
769 2366 836 2393 statuta

99 2416 199 2465 negligunt,
213 2416 313 2453 sanctiones
327 2423 422 2463 spernunt,
437 2414 516 2464 regulam
530 2425 656 2453 contemnunt:
670 2415 696 2451 Ex
710 2414 784 2453 abiectis
796 2429 836 2457 ,ma-

99 2474 178 2523 gnificati
192 2485 239 2521 sunt,
248 2475 279 2511 sed
289 2476 406 2512 honorantem
420 2474 501 2511 ordinem
514 2474 568 2523 impie
583 2484 737 2523 contempserunt:
751 2475 769 2514 S.
780 2476 836 2512 Bene-

100 2533 159 2571 dictus
172 2544 194 2577 te,
209 2548 220 2571 o
233 2533 283 2571 Abba
295 2536 371 2583 ingrate,
386 2533 494 2577 sublimavit,
508 2533 580 2571 divitem
594 2544 611 2570 te
625 2533 672 2580 fecit,
682 2533 791 2571 monachum
805 2548 836 2571 su-

101 2595 163 2641 scepit,
173 2593 248 2630 fratrum
262 2606 335 2631 suorum
349 2604 439 2642 pastorem
454 2593 552 2630 constituit.
566 2593 626 2638 Quare
640 2606 682 2641 ergo
694 2607 730 2630 non
741 2595 836 2644 cognoscis

100 2652 240 2690 munificentiam
249 2651 357 2703 legislatoris
365 2653 403 2689 tui?
411 2653 472 2697 Quare
481 2652 539 2688 vicem
549 2664 585 2688 non
594 2651 676 2700 rependis
685 2650 777 2690 beneficiis
787 2653 836 2690 eius?
