1968 3023
75 2437 115 2470 utre
125 2450 145 2469 xz.

162 216 184 267 38
373 214 400 254 Dc
413 228 468 254 artiore
481 215 546 266 pristis,
562 222 576 253 n
588 214 684 256 solitudinis.

160 297 220 334 vivitis
233 296 276 341 sani,
291 305 307 333 et
320 295 427 342 incolumes,
441 309 474 333 nec
487 295 572 333 differatis
586 295 660 333 ulterius
673 295 794 342 voluntatem
807 310 829 334 ne
842 295 894 334 arnit-

160 356 201 394 tatis
215 356 268 393 etiam
282 368 385 393 concessam
394 355 445 392 vobis
456 364 569 404 potestatem.
580 355 667 404 Cogitate,
676 356 780 405 saepiusque
789 357 894 405 recogitate,

161 417 247 467 quoniam
261 429 296 454 non
306 429 368 463 sumus
378 416 425 453 cives
434 416 486 452 buius
495 414 563 459 mutuli,
573 415 604 452 sed
613 414 697 462 adversae,
707 426 723 453 et
733 416 829 465 peregriui3
837 428 895 465 neque

162 475 247 513 habemus
260 476 290 513 hic
303 485 403 513 morientem
418 474 514 520 civitatem,
525 474 556 511 sed
565 472 643 511 loturam
653 474 769 524 inquirimus;
782 484 799 512 et
812 474 834 512 ad
847 488 895 512 mor-

161 545 198 572 tem
213 534 292 585 quotidie
305 535 403 572 nescientes
417 525 470 571 etiorn
483 545 608 583 properamus.

323 663 349 692 De
359 669 413 691 artiore
423 659 482 699 qnietis,
493 661 509 690 ei
517 659 612 690 solitudinis.
623 659 695 690 Hostilia
708 660 735 690 VI.

209 784 232 810 uo
247 782 287 809 sunt
300 770 399 807 intellectus
413 768 434 806 ab
447 768 499 805 initio
516 769 580 806 creati:
597 768 646 817 quod
662 769 753 815 neminem
766 779 844 807 vestrum
858 770 895 807 scio

217 832 279 878 latere,
293 830 356 867 lruttes
370 828 476 874 charissimi,
490 828 582 878 angelicus
595 828 685 873 videlicet,
699 838 716 866 et
729 829 823 868 humanus.
837 831 896 879 Ange-

162 895 207 932 licus
219 904 262 930 vero
276 889 346 940 qnando
355 889 408 926 luerit
417 898 493 934 creatus,
504 897 565 925 sancta
578 889 665 937 scriptura
678 889 771 927 manifeste
784 903 820 927 non
833 891 896 940 aperit,

163 954 194 992 sed
209 954 282 991 Patrem
296 949 381 987 sententia
396 948 517 985 conditionem
531 948 636 997 angelorum
655 961 699 998 opus
716 949 750 986 Dei
763 962 807 994 esse,
821 960 838 987 et
850 950 896 987 inter

163 1027 217 1064 opera
230 1026 261 1050 seu
275 1011 344 1048 dierum
358 1009 474 1058 computavit.
487 1008 532 1045 Sunt
546 1019 611 1054 autem,
625 1010 655 1059 qui
668 1008 751 1055 scribunt,
760 1010 833 1059 angelos
841 1010 896 1047 luisse

164 1084 233 1112 creatos
246 1072 300 1121 longe
313 1079 353 1107 ante
366 1068 453 1105 mnndum
466 1069 521 1106 istum
534 1068 629 1116 visibilem,
642 1070 690 1118 quod
703 1071 748 1107 sicut
761 1069 834 1119 probare
847 1071 896 1108 testi-

163 1134 226 1172 monio
240 1132 340 1169 divinarum
353 1129 480 1177 scripturarum
494 1142 530 1165 iton
544 1141 645 1178 possumus,
655 1129 678 1165 ito
691 1142 748 1179 neque
762 1141 830 1167 temere
838 1130 897 1178 impu·

163 1205 245 1243 gnamus.
258 1191 302 1227 Sunt
315 1189 363 1225 enim
375 1187 409 1224 viri
421 1199 490 1236 graves,
503 1197 521 1224 et
534 1187 590 1225 sancti
604 1188 711 1236 complures,
728 1189 759 1238 qui
776 1188 896 1227 conditionem

164 1251 277 1302 Angelorum
290 1248 377 1298 principio
391 1246 453 1282 mundi
466 1246 520 1295 longe
533 1246 661 1295 praetulerunt.
674 1248 714 1285 Fuit
727 1257 787 1285 autern
796 1249 897 1286 intellectus

164 1310 262 1360 Angelicns
275 1307 336 1344 statim
349 1318 358 1342 a
370 1305 457 1354 principio
467 1305 485 1342 in
495 1306 576 1342 omnium
589 1304 678 1343 scibilium
688 1315 727 1343 actu
736 1307 802 1346 iactus:
811 1318 829 1344 et
837 1309 898 1346 omnin

164 1371 222 1417 novit,
239 1381 283 1418 quae
297 1367 341 1403 scire
355 1365 422 1414 potnit;
435 1364 515 1413 nihilque
528 1364 550 1401 ad
563 1366 591 1401 sui
604 1366 733 1413 perlectionem
746 1366 828 1417 deinceps
841 1368 897 1405 admi-

164 1432 193 1468 sit.
208 1430 283 1467 Creatus
296 1427 343 1463 enim
353 1438 362 1461 a
371 1425 451 1461 Domino
465 1425 483 1461 in
497 1437 529 1461 suo
542 1424 651 1473 perfectione
665 1426 750 1473 naturali,
766 1440 818 1475 quam
832 1427 897 1465 habete

164 1489 229 1538 potnit,
243 1485 308 1524 nollius
322 1485 409 1522 rationem
422 1484 534 1529 incrementi,
544 1496 579 1532 quo
592 1484 706 1533 intelligeret,
715 1485 790 1534 amplius
799 1486 897 1536 requisivit.

164 1549 261 1586 Enimvero
275 1558 316 1582 cum
329 1544 367 1581 sine
379 1542 439 1580 medio
453 1542 475 1578 sit
487 1542 526 1579 Deo
537 1543 650 1590 coniunctus,
660 1557 715 1592 purus
724 1544 823 1582 intellectus
835 1556 897 1582 natura

163 1606 221 1645 lactus
231 1615 263 1651 est,
272 1616 305 1641 nec
314 1614 365 1640 more
378 1612 440 1638 nostro
455 1601 583 1638 exercitatione
593 1601 614 1638 ad
623 1602 758 1651 intelligendum
767 1603 839 1653 indiget,
847 1605 897 1641 cuius

164 1680 203 1704 esse
216 1664 284 1702 nullam
297 1662 375 1699 admittit
388 1661 528 1709 corruptionem.
542 1661 603 1709 ltaque
620 1674 653 1698 suo
670 1661 766 1699 edisserens
783 1661 853 1701 obiecto
867 1676 898 1712 per

164 1726 248 1763 illectum
262 1723 333 1765 oratorie,
346 1720 411 1766 Dentis,
421 1732 475 1768 quem
485 1729 567 1756 centrum
577 1732 619 1756 suae
632 1718 744 1757 beatitudiuis
758 1734 796 1758 esse
809 1721 897 1770 intelligit,

164 1784 275 1827 immediate,
285 1791 302 1818 et
315 1779 431 1818 immobiliter
440 1778 578 1828 contemplatur,
588 1788 605 1815 et
614 1779 672 1827 diligit
678 1794 683 1826 ;
693 1778 754 1816 beatus
763 1791 795 1827 est,
804 1791 821 1817 et
829 1781 896 1818 nullam

164 1845 192 1881 sui
206 1841 329 1880 alterationem
347 1839 463 1888 pertimescit.
481 1839 575 1874 Hutnanns
589 1851 631 1874 vero
647 1838 753 1884 intellectus,
772 1853 825 1889 quem
841 1842 898 1877 nostri

164 1911 290 1953 praeceptores
300 1900 376 1936 aruinam
386 1906 499 1941 vocaverunt,
510 1910 519 1934 a
528 1897 618 1945 principio
627 1898 699 1946 quidem
709 1898 726 1935 in
736 1900 784 1936 omni
798 1900 898 1948 ignorantia

166 1971 235 1999 creutns
249 1970 280 2006 est,
294 1969 310 1996 et
327 1957 371 1995 nihil
387 1970 449 1994 eorum
466 1957 527 2000 nouit,
546 1969 591 2005 quae
609 1956 698 2006 angelicus
712 1957 795 2006 intelligit
808 1969 897 1997 enatura.

165 2021 255 2059 Differunt
269 2029 326 2055 atatem
341 2017 369 2053 isti
382 2016 416 2053 duo
434 2015 546 2059 intellectio,
564 2016 609 2053 sicut
627 2027 676 2052 octus
693 2028 710 2053 et
727 2018 815 2066 potentia,
833 2018 863 2055 lux
880 2029 898 2056 et

165 2079 258 2126 tenebrae,
274 2078 347 2115 scientia
365 2087 381 2112 et
399 2076 509 2123 ignorantia3
528 2073 597 2111 habitus
619 2084 636 2112 et
653 2076 739 2128 privatio,
755 2077 863 2125 principium
881 2088 898 2116 et

164 2142 212 2186 finis,
226 2139 303 2187 simplex
321 2147 338 2174 et
355 2136 483 2183 compositum,
497 2134 597 2171 substantia
611 2145 628 2171 et
646 2134 734 2178 accidens,
752 2145 814 2174 natura
831 2148 848 2175 et
862 2151 897 2184 ars,

164 2203 231 2239 veritos
245 2211 262 2236 et
276 2196 380 2235 similitudo.
394 2195 460 2239 Omnia
476 2207 558 2243 namque,
576 2195 663 2243 scriptura
681 2204 755 2232 testante
772 2196 839 2244 divina,
853 2211 898 2248 quae

164 2261 246 2310 angelico
260 2257 357 2295 intellectui
370 2269 379 2292 a
392 2264 457 2291 natura·
467 2255 535 2299 insunt,
547 2263 583 2290 eta
596 2254 689 2304 principio,
699 2255 787 2292 ltutnanus
800 2269 898 2306 conseque-

165 2331 194 2357 tur
207 2333 238 2368 per
252 2329 308 2355 artem
321 2317 339 2352 in
352 2314 392 2358 fine,
402 2314 447 2350 sicut
460 2314 549 2350 Dominus
563 2313 612 2350 Iesus
626 2314 644 2350 in
657 2313 721 2351 Sancto
735 2314 832 2364 Evangelio
845 2316 898 2355 dicit:

165 2381 185 2418 In
198 2377 328 2417 resurrectione
342 2383 455 2411 nrortuoruns
469 2386 527 2422 neque
540 2371 615 2419 nubent,
627 2385 684 2422 neque
698 2373 790 2420 iubentur,
803 2375 834 2412 sed
847 2387 899 2413 erunt

165 2440 211 2476 sicut
223 2436 287 2485 Angeli
300 2435 334 2471 Dei
347 2434 365 2470 in
379 2432 439 2469 Coelo.
449 2432 474 2469 Ut
484 2433 532 2468 enim
541 2444 592 2469 mens
602 2442 704 2469 exerceatur
713 2432 734 2470 ad
744 2433 853 2471 intellectum
866 2448 899 2484 per

165 2497 232 2534 trrtrltos
246 2494 321 2541 labotes,
334 2493 384 2543 quasi
397 2504 428 2540 per
442 2501 505 2538 artem,
518 2492 537 2528 in
546 2491 636 2540 ergastulo
646 2492 726 2541 corporis
735 2491 757 2529 ad
766 2491 818 2530 breve
827 2503 898 2543 tempus

165 2556 224 2605 posito
237 2564 263 2592 est
268 2569 273 2601 ;
286 2554 304 2590 in
318 2566 353 2603 quo
367 2553 381 2588 si
395 2563 480 2588 conversa
494 2549 516 2587 ad
525 2551 590 2595 Deum,
600 2551 694 2597 atnficium
708 2564 760 2588 suurn
773 2565 805 2601 per
817 2566 898 2591 aratorem

166 2617 199 2653 rite
212 2611 369 2657 consummaverit,
385 2609 477 2660 egrediens
490 2609 563 2647 tandem
572 2609 614 2647 binc
627 2623 658 2659 par
667 2610 737 2660 Angelo
747 2610 810 2649 evadit.
819 2612 874 2655 Quod
884 2613 898 2650 si

167 2676 224 2714 cornis
237 2672 316 2712 motibus
330 2671 449 2717 consentiens,
460 2669 543 2708 ordinem
555 2683 609 2707 suum
622 2683 658 2708 non
672 2670 781 2715 custodierit,
790 2670 898 2720 perturbata,

165 2745 183 2774 et
196 2735 267 2780 misera,
281 2731 372 2770 ruentibus
386 2731 470 2781 apostatis
484 2730 582 2780 spiritibus,
593 2729 656 2768 similis
665 2730 686 2769 de
697 2742 770 2781 corpore
779 2732 797 2769 in
806 2740 898 2771 aeternum
