1968 3023
374 152 450 190 Houailia
462 152 499 189 VH.
782 159 805 195 45

62 235 126 274 ‘cultus
140 234 244 286 obsequium
257 245 307 274 tauta
320 248 362 272 cum
371 234 461 272 alacritate
475 232 508 280 die,
518 246 538 270 ac
551 242 604 270 nocte
615 230 744 280 persolverunt,
755 229 804 279 quasi

69 295 157 334 laboribus
171 309 255 334 manuum
269 297 287 333 iu
300 295 348 333 nulla
362 296 432 345 penitus
450 295 524 332 fuissent
541 292 631 341 occupati.
645 291 691 338 Quis
709 289 771 327 talium
785 289 803 325 iu
829 299 873 325 Ardor
881 301 913 326 atu-
935 293 937 296 “

69 357 120 395 vobis
134 358 212 396 imitator
225 357 336 404 1111111111,
351 365 371 393 ut
385 356 463 405 inopiam
476 354 611 392 communitatis
624 362 695 389 nostrae
704 352 765 394 totius,
775 350 803 387 vel
822 348 913 401 fflffissn

68 430 119 454 suam
132 417 227 464 existimet,
237 417 264 454 vel
273 415 339 454 sudore
353 415 412 453 vultus
425 416 452 452 sui
465 414 561 452 laborando
571 426 604 461 pro
613 409 680 448 viribus
693 408 762 446 studeat
775 421 802 445 re·
822 409 868 471 ffit
882 417 911 435 ¹¹¹³·

69 476 140 514 velare?
153 476 179 514 llli
193 476 272 514 manibus
282 475 382 514 laborantes
396 476 484 513 continuis
494 476 553 512 Deum
563 469 647 510 cordibus
657 468 758 507 exorabant:
770 481 802 505 vos

22 551 24 554 ·
69 546 129 573 autem
142 534 203 573 fabulis
212 537 281 581 intenti,
291 549 324 573 nec
338 535 419 573 manibus
429 534 487 573 officio
500 533 607 576 satisfacitis,
618 543 650 568 nec
660 528 743 567 Monachi
753 540 802 565 men-

69 594 120 632 tibus.
133 596 223 644 Tempore
237 609 308 645 quoque
321 595 384 632 ieiunii
397 594 488 643 regularis,
500 593 525 630 illi
538 601 626 629 statutum
640 588 674 626 sibi
687 587 802 625 abstinentiae

68 655 147 699 modum,
161 665 191 692 aut
204 655 297 704 diligenter
311 654 439 699 custodiebant,
453 665 482 692 aut
495 655 509 691 si
523 666 564 702 prae
579 649 704 700 magnitudine
722 646 802 685 laborum

55 716 195 765 nequivissent,
205 715 245 753 ideo
254 714 390 759 inanducabanr,
401 726 486 764 quatenus
499 712 589 751 laboribus
599 711 643 761 apti,
659 719 676 747 et
689 708 749 746 idonei
763 706 801 744 red-

68 775 159 813 derentur.
169 776 207 812 Vos
215 785 275 812 autem
288 788 325 812 non
338 775 456 820 manducatiS,
467 784 486 811 ut
498 773 590 818 laboretis,
601 770 633 809 sed
644 769 726 807 laboratis
736 768 801 817 potius,

68 846 87 871 ut
100 834 215 872 manducetis.
229 833 307 879 Quando
325 847 347 870 111
364 833 425 884 regula
442 834 498 870 luerat
515 832 638 877 ieiunandum,
654 829 766 867 occasionem
780 840 801 864 111

67 893 127 931 labore
139 894 216 939 sutnitis,
230 902 249 930 ut
262 893 349 930 ieiunium
363 892 442 930 solvatis.
456 893 620 941 Coeterum'quam
634 887 731 931 immunde,
746 896 762 924 et
776 887 801 924 vi-

67 953 134 990 lissime
147 952 226 990 nonnulli
241 966 262 989 ex
275 951 327 990 vobis
341 961 416 989 tractent
429 951 531 989 indumenta
544 965 582 997 sua,
595 951 635 1000 quis
651 947 736 996 regularis
750 945 801 982 disci-

67 1013 125 1061 plinae
138 1012 227 1051 studiosus
244 1021 313 1050 atnator
330 1013 457 1061 aequanimiter
474 1010 529 1049 ferat?
543 1012 600 1049 Cuius
617 1022 659 1046 111111
676 1018 723 1053 sunt,
738 1005 801 1042 fratres

67 1074 108 1117 mei,
117 1085 161 1121 quae
173 1071 285 1120 dispendiose
299 1072 418 1120 consumitis?
432 1071 497 1108 Christi
507 1070 637 1119 patrimonium
646 1076 673 1105 est
682 1076 742 1112 omne,
753 1062 801 1112 quod

67 1132 143 1181 pertinet
156 1132 177 1169 ad
190 1132 297 1169 Monasteria
310 1143 404 1168 servorum
418 1130 457 1176 Dei,
470 1140 564 1179 totumque
578 1130 618 1166 Deo
632 1127 709 1164 dicatum
723 1134 754 1167 est,
768 1134 809 1186 nec

66 1191 119 1229 rebus
133 1191 198 1228 Christi
212 1191 294 1239 cuiquam
307 1189 350 1227 licet
363 1189 416 1234 abuti,
431 1190 458 1227 vel
471 1203 500 1227 eas
514 1191 532 1227 in
545 1201 599 1225 usum
614 1186 668 1224 alium
685 1191 801 1222 commutare.

67 1252 96 1287 An
113 1251 190 1297 nescitis,
203 1249 245 1299 quid
257 1249 308 1287 vobis
322 1250 397 1287 Sanctus
411 1250 508 1298 Legislatot·
527 1259 588 1286 noster
601 1245 707 1285 Benedictus
725 1242 770 1279 dicat
784 1241 802 1277 in

52 1331 54 1333 ·
67 1310 138 1360 regula?
151 1310 221 1359 Siquis
234 1309 313 1355 sordide,
328 1320 358 1346 aut
371 1309 481 1358 negligenter
490 1322 517 1346 res
527 1306 633 1346 Monasterii
646 1303 753 1348 tractaverit,
763 1312 801 1367 cor-

66 1371 148 1419 ripiatur:
161 1370 179 1407 Si
192 1382 227 1406 non
237 1368 366 1415 emendaverit,
375 1368 477 1417 disciplinae
486 1368 563 1418 regulari
575 1366 670 1405 subiaceat.
679 1365 700 1401 Et
714 1365 731 1400 in
744 1368 801 1408 capite

66 1429 88 1466 de
102 1429 173 1466 cellario
186 1428 290 1466 Monosterii
304 1424 357 1464 dicit:
371 1427 437 1465 Omnia
451 1441 492 1465 vasa
504 1428 616 1474 hlouasterii,
627 1435 744 1472 cunctamque
758 1419 798 1457 sub-

65 1489 147 1526 stantiam
160 1489 183 1525 ita
196 1497 260 1534 servet,
273 1500 293 1524 ac
306 1488 321 1523 si
335 1487 394 1524 altaris
407 1486 726 1537 111111111110111111111311111111
740 1486 797 1521 tacere

64 1560 239 1596 11onpossum,nec
255 1545 312 1594 debeo
326 1557 378 1590 11111,
392 1560 446 1596 quam
463 1546 539 1591 sordide,
553 1559 573 1584 ac
589 1545 702 1594 negligenter
719 1544 799 1594 plerique
851 1584 853 1587 ,

65 1616 144 1644 vestrum
157 1615 230 1643 tractent
239 1606 306 1651 omnia,
316 1606 366 1654 quasi
379 1605 408 1643 vel
421 1618 457 1643 non
470 1606 602 1654 conspiciantur
616 1618 625 1642 a
635 1606 681 1651 Deo,
692 1604 720 1642 vel
729 1604 798 1642 nullum

64 1679 127 1703 eorum
140 1664 191 1702 rebus
205 1664 287 1703 coenobii
300 1665 356 1713 pariat
369 1664 494 1703 detrimentum
508 1666 584 1715 ignavia.
595 1665 664 1702 Scitote
678 1664 799 1714 1111111111-

64 1727 112 1763 niam
125 1726 251 1774 praenuncians
261 1726 351 1762 annuncio
364 1724 421 1769 vobis,
431 1725 479 1774 quod
491 1738 523 1773 pro
536 1724 564 1762 his
578 1724 668 1768 omuibus,
678 1726 724 1762 sicut
738 1736 754 1762 et
767 1739 799 1775 pro

64 1784 102 1822 aliis
120 1784 194 1832 peccatis
211 1784 275 1821 vestris
294 1784 376 1820 Domino
395 1784 433 1821 Deo
450 1784 537 1822 rationem
556 1785 600 1821 estis
619 1783 709 1837 reddituri.
723 1783 799 1822 Labores

65 1854 114 1882 111111
127 1845 256 1882 Monasterium
273 1854 370 1893 propterea
383 1843 433 1881 vobis
447 1845 507 1889 nainui,
521 1858 543 1882 ne
556 1846 629 1894 gravius
647 1844 692 1882 male
710 1845 800 1893 operando

65 1903 166 1951 peccaretis,
179 1912 196 1939 et
208 1903 278 1940 iniunxi
291 1901 343 1939 vobis
353 1916 398 1952 opus
408 1903 495 1950 manuale,
506 1903 588 1948 scribere,
599 1901 654 1940 libros
668 1903 727 1952 ligare,
737 1903 800 1954 hisque

65 1961 138 1998 similia:
153 1974 196 2010 quae
210 1974 250 1998 cum
263 1961 393 2010 tranquillitate
407 1963 477 2011 mentis,
491 1972 508 1999 et
522 1963 602 2011 corporis
616 1963 662 1999 intra
675 1973 724 2012 septa
736 1963 799 2001 Mona-

64 2021 112 2059 sterii
125 2021 198 2070 potestis
208 2020 300 2069 perficere.
310 2020 384 2058 Utinam
398 2021 426 2058 vel
439 2022 472 2059 ista
485 2035 571 2060 manuum
581 2032 681 2060 vestrarum
691 2036 744 2072 opera
758 2037 798 2061 cum

64 2080 154 2130 diligentia
167 2093 199 2129 pro
208 2081 241 2118 Dei
250 2082 318 2118 Amore
333 2080 420 2127 faceretis,
430 2094 452 2118 ue
465 2095 528 2130 panem
541 2083 559 2119 in
573 2092 613 2120 toto
628 2083 726 2120 comedatis
735 2084 797 2122 ociosi.

63 2140 138 2178 Nullum
152 2149 177 2178 est
191 2153 235 2188 opus
248 2139 337 2186 manuale,
351 2140 399 2189 quod
412 2141 520 2178 Monachum
533 2155 575 2179 meo
589 2141 655 2179 iudicio
673 2142 712 2190 plus
729 2141 796 2189 deceat,
827 2149 908 2193 stuprab-

63 2194 118 2249 quam
135 2199 189 2237 libros
206 2191 264 2237 111111
282 2200 364 2237 1111101111
381 2200 464 2247 scribere,
479 2211 496 2238 11
508 2201 627 2239 scribentibus
643 2202 681 2239 aliis
699 2204 796 2240 necessaria
816 2192 908 2255 ζζὲξξξιξξὲ

63 2272 171 2309 praeparare.
186 2261 237 2297 Hunc
250 2261 298 2297 enim
312 2270 394 2297 sanctum
407 2259 485 2298 laborem
499 2262 580 2299 oratione
589 2261 688 2311 plerunque
700 2261 758 2300 licebit
770 2264 796 2300 in-
816 2270 863 2297 gnum.

64 2328 171 2367 tetumpere,
184 2329 201 2355 et
213 2332 246 2367 pro
260 2318 299 2356 cibo
313 2319 378 2355 meinis
391 2332 428 2356 non
441 2319 504 2364 minus,
514 2333 567 2369 quam
581 2321 663 2369 corporis
676 2322 754 2370 vigilare.
763 2324 797 2361 Ne-

64 2370 136 2415 cessitas
150 2379 202 2415 etiam
216 2391 248 2416 nos
262 2388 313 2428 urget
329 2378 379 2416 libris
396 2378 493 2417 scribendis
507 2393 547 2417 cunt
561 2380 654 2429 diligentia
670 2381 768 2430 intendere,
783 2385 797 2421 si

64 2439 145 2487 cupimus
158 2437 220 2476 habere
233 2439 254 2476 ad
268 2451 348 2485 manum,
362 2439 408 2476 unde
421 2452 453 2477 nos
467 2449 529 2477 minuo
542 2441 635 2489 possimus
648 2441 666 2478 in
679 2442 738 2480 studio
747 2445 797 2493 spiri-

64 2496 107 2534 tuali
116 2497 182 2535 utiliter
189 2510 281 2547 occupare.
289 2498 366 2536 Cernitis
376 2499 424 2535 enim
433 2498 485 2536 huius
493 2499 576 2537 coenobii
582 2498 710 2538 bibliothecam
720 2515 798 2550 oannem,

65 2570 110 2605 quae
123 2557 166 2594 olim
181 2556 213 2594 luit
227 2559 308 2608 insignis,
322 2569 340 2595 et
353 2572 424 2608 magna,
439 2573 470 2609 per
483 2559 593 2598 deformatos
603 2572 643 2598 ante
656 2575 689 2599 nos
699 2563 798 2602 Monachos

63 2616 175 2664 usqueadeo
189 2616 296 2662 distractam,
310 2617 409 2663 venditam,
424 2628 441 2655 et
454 2618 553 2664 alienatam,
567 2629 587 2657 ut
601 2619 647 2657 ultra
664 2622 797 2670 quatuordecim

62 2676 153 2713 volumina
171 2689 207 2714 non
220 2675 285 2715 luerint
298 2677 340 2715 hinc
353 2676 426 2715 anobis
439 2680 514 2717 inventa.
523 2680 613 2718 Industria
622 2680 694 2729 quidem
703 2682 798 2731 impresso-
