1968 3023
78 269 140 305 Cognitio

53 304 101 346 duplex
114 304 140 330 ho·

53 348 84 365 mnu
95 347 140 365 neces·

53 374 86 400 snn'a
96 373 112 400 ad
121 382 141 400 sa·

52 408 98 435 lntem.

67 986 145 1013 Necessaria

56 1022 106 1048 nescire
118 1029 145 1048 rur-

56 1066 79 1091 pe,
89 1065 115 1082 non
126 1057 144 1082 di·

56 1100 102 1118 scere
112 1097 144 1117 tur-

57 1127 92 1161 pius
106 1134 144 1152 cun·

57 1167 144 1188 temneretur-

56 1196 130 1231 pissimum.

64 1578 116 1605 Ioannis
123 1578 144 1604 ab*

57 1614 90 1640 batis
107 1613 145 1639 ardor

57 1657 88 1684 erga
97 1648 145 1674 literas.

161 195 183 231 30
299 184 324 221 Dc
338 182 411 230 lectione,
425 191 440 222 et
453 185 506 223 studio
519 184 616 223 divinarum
628 185 767 235 scripturorum

160 260 234 298 visionis
248 262 285 299 eius
298 262 425 312 sempiternam
438 262 543 301 fruitionem
561 272 690 313 promereatur.
703 263 784 311 Utraque
800 261 847 299 eninr
865 275 895 299 co-

160 321 223 369 gnitio,
236 321 270 359 Dei
283 321 372 369 videlicet,
383 332 401 359 et
414 323 447 367 sui,
457 323 553 372 unicuique
567 322 670 361 mortalium
684 323 782 360 necessaria
795 331 821 359 est
834 320 855 358 ad
868 334 895 358 sa-

161 379 222 424 lutem,
232 393 286 429 quam
295 394 383 430 nusquam
392 382 470 419 inveniet
479 383 517 419 siue
525 383 589 420 notitia
598 383 731 431 scripturarum.
740 381 837 418 Enimvero
850 380 896 417 sicut

161 452 182 477 ex
191 440 294 489 cognitione
307 441 333 478 sui
346 442 395 479 venit
404 442 422 478 in
431 441 524 478 hominem
534 442 589 480 timor
598 442 637 486 Dei,
648 452 665 479 et
675 455 695 479 ex
704 441 768 479 notitia
776 441 810 478 Dei
818 439 896 477 nascitur

162 512 212 536 amor
225 500 265 547 Dei,
278 501 301 537 ita
315 501 396 549 provenit
409 514 431 537 ex
444 500 546 549 ignorantia
559 502 586 539 sui
600 500 690 550 superbia,
705 511 722 538 et
735 513 756 538 eu
770 501 849 550 neglecta
862 500 895 537 Dei

162 558 263 607 cognitione
277 572 317 595 cunr
333 558 456 608 desperatione
474 560 536 597 salutis
554 569 674 609 contemptus.
688 559 738 598 Nihil
755 559 841 597 infelicius
857 572 895 596 mo-

161 617 218 654 nacho
231 618 309 662 indocto,
319 619 349 667 qui
359 619 438 655 studium
448 628 551 656 sanctarum
564 620 693 668 scripturarum
703 619 730 656 rel
740 619 813 668 ignavus
822 618 894 664 omittit,

162 677 190 714 vel
204 678 309 723 contemnit,
320 678 360 727 quia
374 691 465 727 nunquam
478 687 538 728 potest
551 679 569 715 in
582 692 625 716 vera
638 679 697 716 cordis
711 678 836 727 tranquillitate
850 679 896 727 apud

162 738 279 785 semetipsum
299 749 353 785 purus
374 738 481 782 consistere,
498 737 529 774 sed
550 738 664 787 compellitur
683 737 805 788 inquietudine
825 738 897 786 propria

164 805 224 833 contra
237 796 346 833 monasticae
359 797 501 835 conversationis
514 798 635 846 integritatem
649 798 725 835 externis
739 806 823 840 mentem,
833 806 850 833 et
859 796 897 833 inu·

163 854 222 892 tilibus
239 868 333 904 occupare.
349 855 437 893 Videmus
454 857 500 894 iuter
517 869 549 893 vos
567 856 655 907 quosdam
671 857 798 905 scripturarum
817 857 895 905 ignaros,

164 913 258 959 instabiles,
271 910 331 952 merite
345 914 435 965 dyscolos,
448 926 466 953 et
478 928 539 965 vagos,
554 916 617 966 qulbus
627 930 648 953 eo
658 918 715 965 tnagis
724 917 834 964 imputamus
847 915 897 963 iguo-

164 975 246 1019 rantiant‚
261 988 296 1024 quo
309 975 368 1012 minus
382 974 489 1012 inclinantur
502 975 524 1012 ad
537 974 655 1025 disciplinam.
668 976 730 1025 Turpe
743 974 814 1024 quidem
828 983 854 1011 est
867 987 897 1011 ne-

164 1034 215 1078 scire,
229 1034 277 1082 quod
290 1035 334 1071 scire
348 1034 423 1071 iuberis:
438 1037 508 1084 turpius
521 1047 558 1072 11011
571 1035 647 1073 discere:
661 1034 783 1083 turpissimum
799 1046 842 1071 vero
856 1046 898 1071 con-

164 1102 249 1130 temnere.
262 1094 284 1130 Et
297 1103 338 1130 sunt
351 1094 397 1131 inter
410 1107 442 1131 vos
456 1094 533 1144 quidam,
548 1095 578 1142 qui
591 1094 684 1131 scientiam
697 1093 792 1131 salutatem
805 1092 896 1130 nesciunt:

164 1160 205 1188 sunt
218 1152 281 1198 etiam,
296 1153 325 1201 qui
343 1152 410 1189 discere
423 1153 527 1202 negligunt:
542 1153 585 1202 quid
599 1153 613 1189 si
630 1152 693 1190 addam
710 1165 747 1189 esse
765 1161 782 1189 et
799 1151 853 1197 alios,
868 1151 897 1201 qui

164 1211 256 1248 scientiam
270 1211 369 1249 divinatum
383 1213 511 1260 scripturarum
525 1213 594 1261 penitus
608 1212 733 1249 contemnant?
742 1211 794 1248 Certe
803 1223 839 1248 non
848 1223 897 1248 men-

164 1272 208 1308 tior:
222 1283 254 1308 vos
268 1272 323 1317 scitis,
334 1273 375 1321 quia
388 1284 450 1308 verum
465 1281 497 1318 est,
506 1271 555 1321 quod
568 1272 616 1309 dico.
626 1272 673 1309 Nam
687 1270 748 1308 studiis
759 1271 803 1308 meis
816 1270 897 1307 nonnulii

164 1340 243 1368 vestrum
253 1345 309 1381 usque
322 1331 343 1368 ad
357 1331 442 1369 invidiam
452 1333 529 1380 graviter
538 1330 625 1369 adversati
634 1341 675 1368 sunt
685 1341 772 1368 aratorem
782 1343 800 1367 se
809 1329 861 1367 malle
870 1329 898 1366 ha-

164 1389 205 1427 bere
214 1391 317 1440 praelatum,
329 1404 382 1440 quam
395 1400 485 1429 oratorem
495 1391 604 1429 cavillantes.
613 1391 678 1428 Nonne
687 1400 703 1427 et
712 1390 812 1427 visitatores
821 1390 839 1426 iu
848 1402 898 1427 suam

163 1450 234 1487 trahere
247 1451 353 1488 senteutiam
366 1460 487 1499 tentaverunt,
503 1452 594 1499 cupientes
608 1463 637 1487 me
650 1450 722 1487 illorum
732 1449 802 1487 hortatu
816 1450 834 1486 in
847 1447 898 1486 abne·

165 1510 255 1559 gationem
273 1509 365 1548 traducere
382 1511 517 1559 scripturarum,
531 1520 550 1547 ut
564 1509 660 1547 ruricolam
674 1509 756 1553 facerent,
770 1520 787 1547 et
803 1521 898 1559 porcorum

166 1580 265 1607 curatorem
278 1570 343 1619 potius,
357 1583 411 1619 quarn
424 1570 536 1608 animarum?
550 1569 584 1608 Sed
597 1569 662 1607 frustra
676 1578 761 1607 conantur
774 1569 854 1607 divinum
866 1570 899 1607 im-

165 1630 226 1680 pedire
239 1630 337 1674 oraculum,
348 1636 387 1680 ‘quo
402 1630 504 1679 impellente
514 1644 576 1668 omnes
590 1629 652 1667 mundi
665 1631 748 1673 honores,
758 1639 810 1679 atque
824 1628 899 1674 divitias,

165 1690 250 1740 quamdiu
266 1692 334 1735 vixero,
348 1690 407 1728 studio
425 1700 534 1740 postponere
553 1690 774 1742 decreviscripturatum,
788 1687 846 1725 hbbas
859 1702 902 1726 suut

165 1759 228 1794 vester,
239 1750 323 1799 quamdiu
332 1751 410 1788 voluerit
422 1750 452 1788 ille
466 1752 496 1801 qui
506 1764 535 1788 me
544 1751 620 1795 vocavit,
630 1751 645 1787 si
654 1751 729 1788 alterutn
743 1763 752 1786 e
766 1749 833 1788 duobus
847 1763 899 1799 opor-

165 1820 208 1855 teat,
218 1808 304 1847 abbatiam
318 1809 365 1848 malo
379 1811 475 1855 dimittere,
485 1823 538 1859 quam
552 1820 613 1847 sancto
627 1810 754 1858 scriptutarum
763 1809 822 1847 studio
836 1820 899 1846 renun-

166 1870 217 1906 ciate.
226 1869 267 1906 Scio
277 1870 324 1907 enim
333 1882 381 1916 uere,
392 1869 437 1907 nihil
450 1870 468 1906 in
481 1870 514 1906 hac
527 1870 564 1906 vita
573 1869 641 1907 homini
651 1867 739 1905 claustrali
748 1867 834 1905 salubrius
847 1881 899 1916 posse

166 1929 276 1977 contingere,
291 1942 344 1978 quarn
358 1930 373 1965 si
386 1928 455 1966 divinas
469 1928 548 1977 coeperit
561 1928 656 1977 scripturas
669 1927 756 1965 veraciter
769 1940 832 1964 amare.
846 1927 900 1972 Quis-

166 1989 205 2038 quis
213 1998 293 2026 vestrutn
302 1988 346 2025 hanc
356 1989 488 2026 iustitutionem
498 2000 557 2024 meam
566 1988 617 2037 sequi
626 1986 708 2031 voluerit,
719 1999 747 2023 tue
757 1986 819 2024 ducem
833 1987 900 2024 itineris

166 2049 238 2098 pariter,
253 2057 270 2086 et
283 2048 368 2085 comitem
382 2047 506 2092 1111111011
519 2056 579 2084 autem
593 2046 643 2096 sequi
657 2046 755 2083 discentem
768 2047 899 2094 contempserit,

167 2108 261 2146 docentem
274 2107 392 2145 nihilominus
406 2106 467 2145 audire
478 2106 604 2155 compelletur,
614 2104 642 2142 vel
652 2105 723 2142 invitus.
733 2105 781 2142 Haec
794 2106 869 2143 dixerim
882 2106 900 2142 in
953 2125 954 2128 =

167 2182 204 2215 eos,
219 2168 249 2217 qui
262 2177 331 2205 terrena
348 2168 442 2216 sapientes,
457 2177 474 2204 et
488 2165 552 2204 caduca
572 2167 656 2202 timorem
670 2178 679 2202 a
692 2178 710 2201 se
724 2163 792 2214 domini
809 2163 899 2211 obiiciant,

167 2228 197 2278 qui
210 2228 270 2265 omnia
283 2239 328 2275 pene
341 2226 444 2275 ignorantes
458 2226 525 2263 discere
539 2232 662 2262 contemnunt.
676 2224 714 2273 Ego
726 2225 769 2261 novi
783 2224 851 2273 pecoris
864 2226 900 2262 mei

166 2288 247 2326 vultum:
263 2297 282 2325 et
292 2286 404 2335 singulorum
418 2285 542 2322 inclinationes
552 2283 633 2322 cordium
642 2293 744 2320 vestrorum
758 2295 786 2319 me
800 2279 852 2320 credo
864 2296 900 2320 non

167 2349 236 2398 penitus
249 2348 336 2397 ignorare.
346 2346 414 2384 idcirco
423 2358 459 2382 non
470 2343 542 2382 cessabo
551 2356 583 2381 vos
593 2343 682 2381 cohortari
691 2341 713 2378 ad
725 2353 784 2379 sancta
793 2341 850 2379 studia
859 2343 901 2379 scri-

167 2418 265 2457 pturarum,
278 2407 341 2452 sciens,
355 2404 403 2455 qnod
416 2415 485 2443 amator
501 2416 560 2441 sacrae
578 2402 659 2440 lectionis
677 2414 713 2439 uon
730 2409 789 2449 potest
805 2401 901 2439 currulium

167 2475 251 2516 operator
264 2479 302 2503 esse
319 2465 411 2502 vitiorum.
426 2464 498 2507 Quanta
516 2463 564 2500 enirn
581 2460 680 2499 monachus
694 2462 711 2497 111
725 2459 844 2509 perdiscendis
860 2461 901 2497 scri·
929 2480 931 2482 v

168 2526 223 2574 pturis
237 2524 290 2562 fuerit
306 2523 410 2570 studiosior,
423 2533 473 2560 tanto
490 2523 550 2559 rnirms
568 2520 665 2559 carnalium
682 2519 793 2568 voluptatum
810 2517 901 2556 ardoribus

168 2584 292 2622 inflammatur.
306 2584 394 2628 Quamvis
408 2583 456 2619 enim
469 2583 519 2619 iuxta
532 2581 638 2618 seutentiam
653 2579 708 2617 diuini
720 2578 828 2627 Hieronymi
841 2591 902 2616 mona-

170 2644 212 2681 chus
225 2656 261 2680 nou
270 2643 356 2688 docentis,
367 2641 397 2679 sed
407 2641 514 2691 plangentis,
526 2641 585 2689 potius
594 2639 676 2677 videatur
685 2637 748 2675 habere
760 2636 848 2674 officium:
862 2638 903 2687 quia

170 2712 229 2740 tamen
243 2702 309 2740 Christi
321 2700 416 2751 profitetur
429 2700 518 2744 militiam,
533 2698 621 2749 congruit,
635 2700 692 2734 11111110
704 2696 825 2734 necessarium
838 2705 869 2741 est,
882 2706 901 2744 ut
