1968 3023
178 233 206 271 IN
229 214 343 270 NOMINE
364 226 468 267 DOMINI
484 225 595 277 NOSTRI
616 225 678 265 IESU
701 224 815 265 CHRISTI

225 347 312 383 INCIPIT
323 326 452 380 vSECUNDUS
467 343 539 378 LIBER
552 343 769 378 EXHORTATIONUM

422 464 448 488 nt)
462 462 570 487 MONACHOS

300 519 472 622 ioannis
501 561 693 619 Tutanum

217 685 310 716 ABBATIS
325 683 502 718 SPANHEMENSIS‚
518 681 602 711 POSTEA
619 683 773 712 PEIII'OLITANI.

287 836 333 872 Quod
343 837 386 864 cattle
396 835 418 864 sii
427 835 507 864 protractis
517 834 605 863 arvandum.
617 834 672 863 Sermo
684 835 698 864 Ι,

131 1064 132 1067 ’
144 1067 157 1094 c*
213 1053 316 1102 peruenire„
325 1051 376 1089 Scitis
390 1052 444 1095 enim,
457 1051 545 1099 scriptura
559 1059 640 1093 testante,
652 1050 737 1099 quoniam
751 1050 863 1087 aduersarius
884 1076 895 1092 1,
905 1068 939 1092 aas,
950 1074 961 1100 ς,

119 1124 182 1151 uester
196 1111 283 1154 diabolus,
298 1112 343 1147 sicut
356 1110 384 1146 leo
398 1110 469 1159 rugiens
484 1110 553 1155 circuit,
567 1122 657 1157 quaerens,
672 1123 724 1158 quem
740 1110 820 1156 devorer,
834 1112 861 1147 cui

126 1185 189 1221 nmgna
203 1171 294 1220 vigilantia
309 1172 326 1207 in
339 1169 373 1206 fide
382 1169 454 1224 Doriaini
464 1169 526 1206 'nostri
535 1168 575 1205 lesu
585 1168 651 1205 Christi
665 1182 696 1217 per
709 1170 799 1209 charitatis
809 1182 862 1219 opera

126 1232 208 1269 nouimus
227 1230 352 1267 resistendum.
365 1229 424 1266 Nemo
441 1229 496 1276 igitur
515 1227 536 1264 de
554 1226 590 1264 suis
603 1227 669 1265 uiribus
687 1240 794 1277 praesumat,
808 1230 829 1265 ne
844 1231 861 1266 in

126 1288 203 1328 laniate
217 1288 305 1327 confidat:
319 1289 409 1338 quoniam,
424 1289 458 1324 nisi
472 1301 504 1324 vos
518 1287 536 1323 in
549 1288 614 1324 timore
627 1287 700 1334 Domini
713 1287 807 1325 humiliter
821 1301 862 1326 con-

125 1349 219 1394 tinueritis,
229 1348 265 1385 cito
279 1349 296 1384 in
310 1348 392 1397 laqueum
403 1346 468 1383 diaboli
483 1346 554 1383 cadetis.
564 1347 636 1390 Quanto
646 1360 720 1396 rautgnus
735 1360 752 1383 es
766 1348 862 1396 (scriptura

125 1409 218 1457 praecipit)
231 1407 306 1444 lntmilia
323 1417 340 1444 te
353 1407 370 1442 in
385 1405 479 1443 omnihus:
494 1406 580 1454 quoniam
594 1407 642 1442 Deus
660 1406 726 1442 resistit
744 1405 830 1454 superbis
845 1418 862 1443 et
883 1427 952 1460 mm

125 1468 200 1516 gratiam
214 1467 296 1504 concedit
310 1465 412 1503 humilibus,
423 1465 533 1502 Monachum
543 1466 609 1501 etenim
623 1464 672 1502 decet
686 1478 724 1502 essc
738 1465 834 1512 humilem,
845 1477 861 1503 et
882 1463 925 1487 ¹¹¹⁰⁰¹³¹
935 1471 947 1494 I·

124 1541 185 1565 verum
195 1528 253 1564 huius
267 1527 329 1564 mundi
344 1532 494 1575 coartemptorem„
507 1525 616 1563 Monachum
633 1536 704 1575 oportet
717 1527 735 1562 in
749 1525 861 1564 obseruantia

125 1587 209 1637 regularis
224 1587 328 1635 disciplinae
342 1600 411 1636 semper
425 1600 464 1624 esse
477 1587 582 1633 sollicitum,
596 1597 612 1623 et
626 1586 643 1623 in
656 1588 721 1624 timore
731 1587 805 1623 Domini
820 1599 861 1623 con-

125 1649 174 1683 tinuo
188 1646 298 1683 studiostun
310 1646 421 1683 'Illonuchum
435 1656 507 1694 oportet
521 1655 595 1689 castum,
609 1655 626 1681 et
640 1645 723 1693 pudicum
740 1658 778 1681 esse
793 1654 859 1691 mente,

124 1705 176 1742 simul
190 1715 207 1742 et
222 1718 303 1754 corpore,
314 1718 333 1743 ut
342 1706 380 1742 Deo
394 1706 464 1751 serviat,
474 1705 627 1754 quemadmodum
637 1704 724 1753 promisit,
734 1705 752 1740 in
765 1705 815 1741 omni
829 1717 861 1752 pu-

124 1765 178 1801 ritate.
189 1764 290 1801 Monachus
304 1777 340 1802 non
353 1764 403 1801 dehet
416 1765 476 1802 vivere
490 1764 588 1801 secundum
598 1764 708 1801 voluntatem
721 1765 819 1813 propriam,
830 1763 860 1800 sed

124 1824 222 1860 secundum
236 1823 323 1871 regulam,
334 1833 352 1859 et
361 1825 436 1872 pastoris
446 1825 473 1860 sui
481 1823 596 1861 'conformem
605 1836 678 1860 normae
688 1823 806 1860 institutionis
821 1835 861 1859 coe-

124 1880 212 1919 nobiticae
230 1883 354 1920 directionem,
370 1882 467 1920 Monachus
481 1875 589 1932 negociosus
603 1892 620 1920 et
633 1893 712 1920 sanctum
731 1882 782 1919 dehet
801 1895 860 1919 amare

123 1941 222 1992 silentium,
237 1951 254 1978 et
268 1935 346 1979 mentem
360 1955 409 1978 suana
419 1955 507 1990 occupare
521 1942 588 1978 utiliter
602 1944 619 1978 in
632 1942 707 1979 lectione
721 1942 858 1990 scripturarum.

124 2001 222 2038 Monachus
232 2001 283 2038 omni
292 2012 373 2051 tempore
383 2014 438 2050 usque
447 2001 469 2038 ad
478 2010 556 2038 mortem
567 2000 618 2038 debet
628 2014 665 2037 esse
675 2001 762 2046 solicitus,
772 2009 859 2049 quatenus
886 2016 928 2042 sistas
936 2024 968 2050 pne

123 2060 140 2096 in
158 2059 270 2097 observantia
288 2061 411 2098 rnaiadatorum
425 2062 466 2106 Dei,
485 2072 502 2097 et
520 2060 592 2109 regulae
609 2061 631 2097 sit
648 2059 742 2108 perlectus.
757 2061 782 2096 Ur
800 2069 859 2096 autern
880 2052 909 2077 l³¹¹¹
925 2052 966 2076 vnn-

880 2093 912 2117 turta,
922 2094 937 2110 HC
946 2094 968 2111 VE-

123 2119 187 2162 sciatis
202 2133 247 2168 quae
261 2119 311 2157 vohis
325 2121 342 2156 in
356 2131 415 2158 sancta
431 2120 517 2169 religione
535 2119 680 2157 conversantibus
694 2120 715 2157 ad
729 2119 859 2168 perfectionem
880 2120 903 2180 lffi
912 2120 967 2180 ῐξῐέᾒῗιξ

880 2174 882 2180 “
926 2175 934 2188 δ

122 2180 157 2215 sint
167 2181 274 2224 necessaria,
286 2179 382 2217 describam
392 2181 442 2218 vobis
456 2181 546 2230 quendam
556 2182 643 2217 uirtutum
652 2182 749 2224 tramitem,
760 2194 792 2228 per
806 2193 859 2229 quem
880 2189 961 2229 cocleam

123 2238 142 2275 ad
157 2238 240 2288 Regnum
255 2240 353 2277 Coelorum
371 2242 417 2277 viam
435 2250 507 2289 oportet
524 2241 606 2289 dirigere
620 2241 699 2278 Virtutes
717 2249 777 2277 atatem
797 2240 859 2277 omnes
880 2224 935 2290 ,115³ss
942 2232 967 2284 lii

123 2307 185 2335 mutuo
199 2299 296 2336 cohaerent
309 2301 444 2337 necessitudinis
457 2300 534 2350 glutino,
544 2311 570 2345 ut,
581 2301 610 2349 qni
624 2294 677 2336 tarnim
687 2299 764 2349 perfecte
774 2300 859 2349 possidet,
876 2294 966 2356 ffifflllll

122 2370 184 2393 omnes
197 2357 263 2395 habere
276 2359 366 2397 uideatur:
381 2370 398 2396 et
412 2360 441 2409 qui
456 2360 484 2397 vel
499 2372 533 2396 una
550 2369 603 2405 caret,
618 2360 684 2396 nullam
703 2360 773 2408 penitus
792 2358 860 2396 dicatur

122 2415 218 2464 possidere.
232 2417 321 2454 Omnium
334 2419 419 2456 uirtutum
433 2420 490 2467 prima
503 2418 525 2456 ad
539 2418 614 2455 salutem
632 2420 730 2455 necessaria
745 2429 771 2455 est
785 2423 859 2456 sanetis-

121 2475 165 2510 sima
178 2473 222 2511 fides
237 2476 331 2522 catholica,
345 2476 365 2512 ab
380 2479 428 2514 omni
442 2490 531 2522 errorum,
546 2486 562 2513 et
576 2477 668 2514 haeresum
686 2477 786 2526 pollutione
800 2490 859 2526 segre-

121 2543 166 2580 gata,
180 2544 198 2570 et
212 2534 294 2572 doctrina
304 2536 377 2573 Domini
390 2538 446 2573 nostri
459 2537 500 2573 Iesu
510 2535 578 2573 Christi
591 2536 700 2584 originaliter
714 2536 798 2574 radicata.
806 2537 861 2583 Nam,

121 2593 209 2640 scriptura
228 2604 309 2639 testante,
324 2596 362 2633 sine
379 2596 412 2633 fide
425 2596 537 2644 itrrpossihile
555 2606 582 2632 est
599 2596 668 2646 placere
682 2597 728 2634 Deo:
743 2598 805 2647 etqui
822 2611 859 2635 non

121 2652 175 2689 credit
189 2654 207 2690 in
221 2655 335 2703 unigenitum
354 2655 409 2692 filium
423 2657 462 2700 Dei,
478 2658 513 2693 iam
532 2655 618 2693 iudicatus
632 2667 663 2703 est,
678 2668 694 2694 et
708 2658 733 2693 ira
748 2657 780 2694 Dei
799 2668 859 2694 manet

804 2764 817 2779 12
