1968 3023
208 170 241 206 174
384 159 410 195 Dr
423 159 445 196 ael
458 166 525 197 ruortrrn
536 159 667 209 praeparatione
682 160 763 196 continua.

205 238 302 284 nascimur,
317 248 336 275 ut
353 237 401 275 brevi
419 239 523 277 moriamur.
537 240 587 276 Mors
605 238 639 275 illis
656 238 736 275 videatur
753 237 846 285 terribilis,
865 252 941 289 quorum

204 298 239 335 vita
253 298 270 334 in
284 299 341 336 carnis
357 297 449 348 voluptate
466 309 504 337 tota
517 298 610 348 polluitur,
624 309 641 335 et
654 298 698 335 nihil
712 300 729 335 in
743 298 795 336 coelo
812 298 901 338 botrorum
914 315 941 339 re-

205 367 291 396 servatur.
301 358 346 405 Nos,
360 359 390 407 qui
404 371 454 408 spem
468 368 548 396 nostram
562 359 580 395 in
593 358 693 395 Dominum
706 359 764 396 [eslim
779 359 872 397 Christum
886 360 940 398 salva-

204 427 262 454 torem
276 418 359 455 omnium
374 417 485 462 collocantes,
500 418 563 455 mundi
575 418 676 466 voluptates
686 431 718 466 pro
732 419 769 455 eius
785 431 847 456 artiore
861 431 940 457 contem-

204 478 279 526 psimus,
288 486 366 514 mortem
375 490 429 525 quare
438 478 543 514 timeamus?
553 477 683 523 Veruntamen,
694 490 733 514 cum
744 478 826 515 omnium
836 478 941 516 terribilium

204 535 356 573 terribilissimum
370 536 392 573 sit
406 549 459 580 mors,
470 535 586 586 indiscretum
600 536 687 573 moriendi
697 536 788 584 timorem,
802 538 824 574 ita
838 537 941 586 propulsare

204 597 310 644 poterimus,
326 597 341 633 si
358 609 391 633 nos
408 596 487 646 quotidie
504 598 554 645 quasi
572 597 606 633 iam
625 588 731 634 morituros
740 610 874 647 praeparemus.
887 598 941 636 Aliud

204 665 262 692 tamen
276 666 303 693 est
315 668 400 704 pavorem
413 656 476 693 mortis
494 655 563 699 habere,
577 655 625 693 aliud
643 665 746 693 tremorem.
760 657 808 694 Nam
822 667 839 694 et
852 658 940 695 Dominus

204 716 252 753 lesus
262 728 346 764 pavorem
356 716 419 753 mortis
429 716 532 765 praesensit,
542 728 579 753 non
589 724 691 760 tremorem,
706 726 725 753 ut
736 716 813 754 duarum
823 718 940 766 proprietates

203 785 306 812 naturarum
320 774 428 813 ostenderet.
442 775 535 812 hleditario
548 775 604 823 igitur
616 776 679 812 mortis
693 776 778 813 continua
795 776 848 814 nobis
865 777 940 814 infirmis

204 835 278 871 omnino
292 845 319 871 est
332 835 439 880 necessaria,
454 844 473 871 ur
487 847 537 871 mens
551 834 628 871 necdum
641 836 659 871 in
673 835 757 871 charitate
771 835 839 873 Christi
857 836 939 884 perfecta,

203 894 253 943 quasi
266 893 347 931 violento
365 892 443 943 quodam
461 892 539 941 impulsu
553 893 574 930 ad
593 894 736 942 compunctionis
754 895 830 942 gratiam
849 895 939 932 excitetur.
957 913 960 918 ⁴

203 953 292 990 Memoria
309 954 358 990 enim
376 952 444 990 futurae
462 953 533 996 mortis,
552 954 604 1002 quasi
621 953 680 990 clavus
699 953 728 1002 qui
746 952 796 1002 ligno
814 954 899 1002 infigitur,
916 955 940 991 ita

203 1025 253 1049 mens
263 1025 330 1061 pavore
343 1011 383 1049 utili
396 1011 501 1060 penetratur.
512 1012 601 1049 Memoria
615 1013 678 1049 mortis
687 1012 760 1049 arduam
769 1012 867 1050 introducit
879 1014 945 1061 poeni-¹

204 1073 284 1118 tentiam,
300 1081 317 1109 et
331 1084 391 1108 veram
403 1072 468 1108 mentis
482 1070 604 1108 sobrietatem.
618 1071 706 1108 Memoria
720 1072 784 1107 mortis
802 1070 901 1108 necessaria
914 1081 939 1109 est

203 1132 339 1180 insipientibusf
352 1144 428 1181 quotum
438 1132 549 1169 conversatio
559 1145 568 1168 a
577 1131 637 1168 servili
646 1132 710 1168 timore
720 1131 788 1179 incipit,
798 1140 818 1166 ut
827 1143 858 1179 per
867 1130 938 1168 filialem

203 1191 304 1228 successive
317 1192 336 1229 in
350 1191 452 1228 charitatem
462 1191 546 1228 elevetur.
558 1192 646 1228 Memoria
658 1192 725 1234 retortis,
736 1200 753 1226 et
766 1190 843 1227 districti
853 1191 938 1227 exantinis

162 1292 163 1295 Ἴ
203 1251 257 1288 futuri
271 1250 332 1287 iudicii
345 1251 380 1287 Dei
393 1251 470 1287 manime
485 1250 520 1287 illis
534 1260 561 1287 est
575 1251 676 1293 necessaria,
691 1250 720 1298 qui
738 1248 784 1286 rnala
803 1249 937 1295 consuetudine,

202 1322 222 1346 ac
235 1309 319 1346 diuturno
332 1308 426 1346 trahuntur
439 1309 460 1345 ad
473 1308 590 1357 peccandum.
601 1309 622 1345 Et
635 1317 676 1345 sunt
692 1309 778 1345 intervos
788 1307 860 1357 quidam
873 1309 891 1345 in
905 1309 938 1344 nri-
973 1330 976 1336 ·

202 1369 239 1406 litia
252 1368 340 1418 spirituali
353 1368 407 1405 nimis
420 1367 481 1417 tepidi,
494 1377 511 1405 et
524 1368 640 1417 negligentes,
655 1381 699 1417 quos
713 1377 807 1405 monentes
821 1368 937 1405 exhortamur

201 1437 278 1477 paterne,
293 1437 380 1476 quatenus
394 1440 412 1480 se
426 1426 545 1464 recordentur
555 1440 593 1464 esse
607 1427 697 1473 mortales,
708 1426 803 1476 taliterque
815 1428 876 1464 vivant
890 1427 937 1464 dein-

202 1501 248 1536 ceps,
263 1497 282 1524 ut
296 1488 343 1524 moti
357 1500 393 1523 non
410 1488 490 1524 timeant.
504 1487 561 1524 Valde
579 1488 627 1524 enim
644 1487 766 1535 periculosum
784 1496 810 1523 cst
824 1487 842 1523 in
856 1500 877 1524 eo
891 1497 936 1524 statu

200 1548 265 1593 vivere,
279 1549 297 1584 in
311 1560 347 1596 quo
361 1547 407 1583 mori
421 1548 460 1595 quis
469 1546 580 1584 formidaret.
594 1547 620 1583 lta
633 1545 727 1583 vivendum
741 1555 773 1589 est,
783 1555 802 1582 ut
816 1556 894 1583 mortem
908 1560 935 1583 ex-

194 1613 293 1657 'pectemus
307 1607 375 1643 securi:
389 1605 436 1654 quod
449 1616 492 1643 tunc
506 1605 579 1643 demum
593 1606 631 1643 fieri
645 1615 709 1654 potest,
724 1606 739 1642 si
752 1618 785 1642 nos
799 1605 818 1641 in
831 1606 880 1642 omni
890 1607 937 1654 puti-

200 1676 235 1704 tate
252 1666 323 1710 mentis,
338 1675 355 1703 et
372 1667 451 1713 eorporis
469 1677 602 1710 conservantes,
617 1666 635 1702 in
651 1666 739 1702 exercitiis
753 1665 829 1702 Divinae
847 1665 936 1702 charitatis

200 1726 264 1774 iugiter
274 1724 382 1762 ferveamus.
392 1725 484 1771 Vivantus,
493 1734 580 1773 quantum
595 1724 632 1761 fieri
645 1732 705 1773 potest
717 1725 830 1769 innocenter,
840 1724 937 1761 secundum

200 1784 236 1821 divi
248 1784 305 1820 Patris
319 1783 409 1821 Benedicti
427 1784 514 1832 tegulam,
532 1797 585 1833 quam
603 1784 679 1832 professi
697 1795 770 1829 suiuus,
784 1793 801 1820 et
817 1795 868 1831 spem
885 1782 937 1820 hahe-

200 1844 258 1881 bimus
272 1842 345 1889 bonam,
356 1843 440 1893 quoniam
449 1842 563 1880 miserebitur
576 1844 634 1880 nostri
647 1843 761 1892 omnipotens
771 1844 826 1889 Deus,
836 1844 866 1892 qui
880 1844 937 1892 petite

200 1903 292 1940 hominem
307 1915 343 1939 non
353 1903 439 1950 permittit
447 1901 504 1940 borrae
513 1902 616 1939 voluntatis.
626 1904 684 1939 Deum
694 1915 765 1951 semper
775 1903 877 1950 cogitemus
886 1901 937 1939 nohis

200 1961 265 2012 ubique
272 1970 392 2010 praesentem,
403 1963 433 2011 qui
442 1962 502 1999 omnia
512 1961 566 2005 videt,
574 1962 634 1999 omnia
643 1963 699 2008 novit,
707 1962 768 1999 omnia
777 1961 868 2010 intelligit,
876 1962 935 1998 onmia

200 2031 312 2059 remunerat:
327 2031 344 2058 et
357 2034 377 2059 ea
390 2022 466 2070 puritate
475 2022 566 2066 vivamus,
577 2027 652 2070 qua'nos
662 2034 703 2058 suae
712 2021 802 2058 Maiestati
812 2021 936 2057 Sanctissimae

199 2080 275 2117 militare
289 2080 365 2128 polliciti
379 2093 447 2118 sunnis.

535 2194 601 2236 ants.

221 2318 270 2355 Lihri
280 2318 334 2367 priori
347 2317 476 2354 axlrortatioaaru
490 2317 512 2354 acl
526 2317 617 2354 rldoaaalrar
626 2317 667 2367 fiais
679 2316 723 2353 adast
736 2328 788 2352 ruaua
801 2315 833 2352 rari
843 2316 914 2365 propria

244 2377 312 2415 Ioareair
329 2376 404 2414 Triturrii
417 2376 485 2414 aranu
500 2376 624 2425 Sparrlrerneusis
638 2376 694 2424 scripti
707 2388 717 2423 p
731 2375 756 2412 elio
769 2375 829 2412 aurasia
841 2375 891 2421 hirtii,

273 2437 323 2473 Aureo
339 2436 472 2473 Christiauonuu
485 2437 528 2483 rara
543 2436 601 2472 hretia.
615 2449 626 2482 4
639 2437 687 2472 flaua
701 2435 760 2471 aetatis
775 2444 819 2471 rarat
833 2447 861 2482 aa.

347 2495 384 2531 Hoc
398 2501 437 2543 opas
450 2494 504 2531 ditavi
517 2495 612 2531 arateeerrori
625 2506 660 2531 aaa
673 2505 715 2530 ratlac
728 2493 791 2530 aelata

450 2553 574 2603 Selgeastateari
588 2553 687 2590 charissimo.
