1968 3023
140 229 161 257 12
354 222 380 261 De
391 223 464 274 profecta
477 222 545 262 artritica
558 223 655 275 spiritualis.

137 303 224 351 spirituali
237 304 354 354 praecipitur:
368 318 481 355 summopere
495 314 613 351 caveamque
626 305 706 343 veritatis
719 304 769 343 surdi
781 306 871 343 auditores

115 409 116 412 Ἰ
137 362 184 409 facti,
193 363 273 401 Domino
283 366 396 402 mentiantur.
406 365 449 402 Voti
462 363 525 402 sedulo
538 365 661 410 recordemur,
676 365 724 414 quod
737 366 840 404 emisimus:
854 374 872 402 et

136 423 218 462 ordinem
231 432 318 471 sanctum,
331 438 384 475 quern
398 423 502 473 profitemur
511 438 567 474 usque
576 424 598 461 ad
606 434 683 462 mortem
697 424 818 463 inviolabilem
830 438 871 463 con-

137 496 234 522 servemus.
245 483 344 521 Andiamus
354 485 421 533 Regem
431 493 512 521 nostrum
525 484 562 521 suis
575 485 594 522 in
606 484 703 533 Evangelio
716 484 803 524 militibus
812 486 871 524 dicen-

48 550 115 575 [otu-1²·
137 555 180 582 teni:
190 543 209 580 Si
223 544 261 594 quis
276 542 320 580 mihi
332 544 427 589 ministrat,
440 557 468 581 rne
481 554 575 593 sequatur:
590 554 608 581 et
621 543 652 580 ubi
662 557 696 593 ego
705 558 751 590 sum,
761 544 802 593 illic,
812 558 828 584 et
838 547 871 583 nri-

136 606 192 642 nister
205 617 254 641 meus
269 604 306 640 erit.
320 603 397 640 Ministri
410 615 472 639 sumus
486 604 533 651 regis
546 604 614 641 aeterni
627 604 728 641 sacerdotes
737 615 789 654 atque
798 606 869 652 levitae,

54 673 115 715 prunarii
136 676 199 703 omnes
213 662 296 701 monachi
310 661 421 700 claustrales:
435 662 536 712 duplicique
548 664 617 700 ratione
627 661 648 699 ad
657 676 741 712 magnam
751 663 823 715 obligati
832 678 871 702 san-

27 717 67 770 {lifl}
74 709 115 769 iffi}
137 725 222 762 critatem:
233 723 299 771 quippe
306 721 336 770 qui
345 721 426 759 ordinem
436 721 489 758 sirnnl
497 723 608 770 suscepimus
618 721 731 770 clericorum,
739 734 756 760 et
763 726 871 762 monasticae

27 779 115 839 §gffinjjss'
136 782 217 832 puritatis
231 780 311 829 regulam
324 779 435 829 profitemur.
453 781 553 830 Sequemur
570 793 614 830 ergo
632 792 766 830 praeceptorem
783 793 870 828 nostrum,

26 848 81 882 pliorem
93 848 115 874 de·
136 843 164 879 cui
177 840 281 885 militamus,
295 851 326 887 per
339 840 372 876 iter
385 838 484 888 asperitatis
497 840 579 876 omnium
593 840 692 877 virtutum:
703 851 720 878 et
733 854 824 879 armemus
837 855 870 880 nos

27 884 63 910 Μ’
136 900 229 951 perfidem
239 909 311 943 rectam,
321 912 371 949 spem
380 899 455 944 firmam,
465 900 535 949 Deique
544 912 564 937 ac
578 900 655 949 proximi
670 900 819 939 ferventissimam
831 903 870 939 cha-

135 963 213 999 ritatem:
232 960 250 996 in
267 972 301 1008 qua
318 960 373 996 totius
391 960 489 996 sanctitatis
505 958 590 1008 perfectio
607 960 771 1008 comprehenditur.
785 962 871 1011 Quisquis

136 1021 183 1058 enim
198 1018 288 1057 charitatis
301 1019 400 1055 munimine
414 1018 500 1067 cingitur:
513 1031 604 1068 nunquam
618 1017 639 1055 ab
652 1019 754 1057 adversario
771 1030 870 1070 superatur.

135 1080 155 1118 in
169 1080 254 1116 charitate
267 1090 336 1127 nanque
348 1078 434 1114 veraciter
448 1077 515 1115 Christi
533 1076 618 1133 dulcescit
632 1078 706 1116 militia:
725 1088 742 1116 et
760 1079 798 1116 eius
812 1079 871 1117 fervor
890 1093 891 1096 ¹

136 1153 177 1177 curn
190 1139 208 1175 ln
222 1138 275 1176 corde
289 1137 351 1174 militis
367 1136 427 1174 ardere
445 1138 535 1186 coeperit,
553 1137 602 1175 nulla
615 1138 680 1175 metuit
697 1138 776 1177 adversa.
790 1139 870 1178 Charitas

136 1200 189 1243 enim,
199 1209 218 1236 nr
229 1199 285 1234 Divus
299 1197 397 1247 Gregorius
411 1197 472 1246 inquit,
486 1209 577 1246 nunquam
591 1206 617 1233 est
630 1197 698 1245 ociosa,
707 1197 737 1235 sed
750 1210 815 1248 magna
829 1212 871 1247 ope·

135 1269 190 1304 ratur,
205 1258 220 1294 si
232 1270 274 1294 vera
288 1265 324 1293 est:
338 1256 414 1306 quodsi
428 1257 496 1305 operari
510 1257 578 1303 renuit,
592 1256 670 1305 perfecta
687 1257 763 1294 charitas
780 1270 817 1295 non
830 1258 870 1295 fuit.

135 1317 202 1354 Milites
216 1329 259 1365 ergo
273 1314 380 1361 claustrales,
394 1314 424 1364 qui
439 1328 470 1352 vos
483 1324 556 1352 aeterno
570 1316 607 1364 regi
621 1325 708 1365 perpetuo
722 1319 820 1354 servituros
830 1330 870 1366 spo-

135 1376 228 1426 pandistis,
243 1374 314 1412 abiicite
329 1376 363 1412 iam
381 1387 427 1411 nnuc
440 1388 495 1425 opera
512 1373 633 1421 tenebrarum,
647 1384 664 1411 et
682 1375 751 1412 induite
766 1375 870 1413 charitatem

134 1436 175 1482 Dei,
189 1444 206 1471 et
220 1435 303 1485 pronirni,
317 1447 361 1483 quae
374 1442 400 1471 est
413 1444 502 1470 armatura
514 1433 576 1471 salutis
590 1434 671 1471 omnium
685 1433 793 1472 fortissima:
808 1448 843 1485 qua
856 1436 870 1472 si

134 1495 173 1544 quis
183 1493 255 1531 indutus
264 1493 323 1539 fuerit,
332 1493 391 1530 nullos
400 1491 469 1529 labores
479 1492 609 1542 quantumlibet
619 1492 678 1538 duros,
688 1493 737 1530 nulla
745 1493 798 1531 huius
808 1494 870 1532 mundi

133 1553 220 1591 contraria
233 1550 341 1589 formidabit.
354 1552 395 1589 Non
409 1550 480 1588 timebit
489 1551 561 1589 famem:
572 1565 609 1589 non
618 1552 678 1589 sitem:
688 1565 726 1590 non
736 1554 870 1601 persecutiones

134 1612 236 1650 hominum:
251 1623 288 1648 non
301 1609 404 1659 opprobria:
418 1623 454 1647 non
468 1610 570 1647 irrisiones:
585 1624 621 1648 non
635 1623 725 1648 carceres:
740 1624 777 1648 non
789 1612 869 1650 vincula:

135 1685 170 1710 non
184 1683 300 1720 quaecunque
313 1668 362 1717 dura,
377 1678 394 1706 et
406 1668 487 1707 adversa:
501 1668 532 1706 sed
545 1670 612 1715 omnis,
627 1669 657 1718 qui
671 1670 775 1707 charitatem
786 1672 819 1709 Dei
833 1685 870 1721 per·

134 1730 247 1769 fectesemel
261 1731 366 1779 gustaverit,
376 1729 452 1766 invictus
465 1739 526 1766 contra
535 1742 651 1778 quaecunque
664 1730 727 1767 mundi
740 1730 817 1768 furentia
830 1744 869 1780 per-

134 1789 219 1828 manebit.
226 1790 259 1826 Dei
268 1802 321 1825 verus
330 1797 399 1826 amator
409 1787 427 1824 in
436 1786 580 1825 tribulationibus
590 1787 662 1836 gaudet:
673 1789 691 1826 in
701 1789 779 1826 adversis
788 1789 870 1828 laetatur:

134 1851 152 1887 in
165 1846 318 1898 persecutionibus
331 1857 404 1896 propter
416 1846 503 1883 iustitiam
516 1846 590 1884 exultat.
608 1847 676 1895 Regem
691 1843 770 1897 sequitur
784 1862 837 1885 sunm
850 1849 868 1885 in

134 1908 194 1946 Coelis
208 1906 326 1944 residentem:
335 1905 359 1943 ibi
368 1914 428 1942 mente
441 1913 562 1949 conversatur,
577 1914 595 1942 et
608 1905 663 1942 animi
671 1905 767 1952 desiderio,
778 1906 808 1943 nbi
817 1920 869 1944 sunm

133 1981 207 2018 regnare
220 1980 257 2005 non
270 1966 338 2004 dubitat
351 1966 465 2003 Salvatorern.
480 1964 570 2013 Quicquid
584 1965 602 2001 in
615 1964 683 2002 mundo
696 1964 800 2013 voluptatis,
811 1976 828 2003 et
841 1966 869 2003 de-

134 2029 214 2066 liciarum
225 2027 294 2075 uspiam
304 2027 381 2063 cernitur
390 2038 442 2062 servo
451 2025 517 2062 Christi
527 2024 545 2060 in
554 2036 595 2061 vera
604 2023 688 2061 charitate
698 2023 810 2072 fervescenti,
819 2026 869 2075 quasi

133 2088 241 2125 vilissimum
255 2096 323 2123 stercus
336 2085 433 2127 foetorem,
447 2095 464 2121 er
478 2083 572 2120 horrorem
585 2091 665 2132 generat,
679 2083 764 2132 quoniam
777 2083 822 2121 nihil
834 2094 869 2121 ter-

133 2160 203 2193 renum,
217 2146 262 2183 nihil
275 2145 404 2190 transitorium,
417 2142 461 2180 nihil
479 2142 572 2188 caducum,
587 2141 619 2178 secl
636 2141 694 2188 illum,
709 2143 737 2179 cul
752 2156 771 2179 se
787 2142 867 2190 devovit,

132 2206 191 2243 solum
204 2215 242 2243 tota
255 2204 320 2241 mentis
338 2203 437 2240 intentione
454 2212 507 2239 amat.
520 2201 579 2238 Vetus
597 2201 662 2237 etenim
676 2201 742 2238 Christi
760 2202 811 2238 miles
824 2201 869 2239 nihil

133 2265 154 2302 de
168 2263 220 2302 rebus
233 2262 296 2301 mundi
310 2264 383 2312 cogitat,
396 2274 433 2298 non
447 2259 569 2306 carne1n,sed
586 2268 666 2296 mentem
682 2270 744 2306 curat,
758 2270 820 2308 utpote
838 2261 868 2309 qui

133 2325 220 2373 scriptum
234 2336 271 2361 non
284 2323 360 2371 ignorat.
373 2322 432 2358 Nemo
446 2320 524 2357 militans
537 2320 584 2366 Deo,
599 2319 679 2367 implicat
692 2333 711 2356 se
723 2320 804 2369 negociis
817 2333 868 2357 secu-

133 2383 206 2429 laribus,
219 2393 238 2419 ut
252 2381 277 2418 illi
291 2381 364 2430 placeat,
379 2381 406 2417 cui
422 2393 440 2416 se
459 2379 546 2430 probavit.
563 2379 661 2416 Enimvero
678 2379 780 2427 quicunque
797 2388 868 2416 terreno

132 2442 208 2480 militant
217 2440 329 2490 imperatori,
338 2440 436 2490 praeceptis
446 2440 483 2476 eins
493 2440 511 2476 in
520 2439 588 2475 cunctis
601 2450 671 2487 semper
681 2436 773 2484 obediunt,
782 2447 799 2475 er
808 2438 867 2475 statim

133 2515 168 2552 quo
182 2502 252 2539 iusserit
266 2501 301 2545 ille,
315 2501 352 2537 sine
367 2498 508 2537 contradictione
522 2497 594 2536 vadunt.
608 2498 678 2534 Ducem
694 2507 792 2546 sequuntur
806 2511 868 2535 omnes

133 2575 194 2605 unum,
204 2571 221 2598 et
231 2560 315 2610 quicquid
328 2561 357 2598 ille
370 2560 416 2608 regis
430 2560 503 2601 nomine
516 2559 631 2608 praeceperit,
641 2571 695 2596 nemo
708 2570 730 2594 ex
743 2558 793 2594 omni
806 2558 868 2595 militia

134 2620 244 2659 contradicit.
257 2621 295 2658 Vos
310 2634 381 2670 quoque
394 2619 459 2656 milites
468 2620 515 2668 regis
529 2619 649 2665 saeculorum,
661 2620 690 2669 qui
700 2632 729 2656 me
737 2617 788 2655 vobis
798 2619 868 2655 Ducem

136 2681 174 2719 eius
187 2680 235 2725 vice,
249 2693 269 2716 ac
283 2690 416 2729 praeceptorem
431 2679 556 2722 constituistis,
570 2677 672 2716 mandatnm
686 2678 802 2727 imperatoris
814 2678 869 2715 vestri

134 2740 173 2778 lesu
186 2738 254 2777 Christi
264 2751 295 2791 per
309 2751 329 2777 os
342 2751 403 2777 meum
413 2738 480 2786 audite,
491 2746 508 2776 et
521 2738 576 2788 quod,
584 2737 614 2776 ille
623 2738 709 2788 praecipit
717 2735 769 2774 nobis
780 2735 797 2776 in
806 2746 868 2775 sancto
