1968 3023
75 610 124 635 Delicln
131 618 157 635 ser·

71 653 116 670 vortant
129 644 157 676 Dei,

71 681 112 714 quae?

83 909 119 936 Quae
127 912 156 932 tan-

70 942 100 982 dem
111 941 156 967 saluta-

70 985 88 1002 na
96 985 146 1003 ieiunia.

181 166 213 202 ross
314 159 316 165 '
348 164 374 201 De
388 166 495 211 abstinentia,
509 172 524 203 et
537 166 601 203 inritatio
615 164 735 203 rnanaclaarrnn.

178 246 264 295 linquitur
278 247 417 297 uniuscuiusque
431 247 543 285 discretionis
557 246 630 293 iudicio,
640 256 659 283 ut
672 256 741 284 tanturn
752 257 818 294 sumat,
825 258 911 297 quantum

179 306 280 354 expostulat
293 308 394 354 necessitas,
406 320 444 344 non
457 317 544 356 quantum
557 307 631 354 imperat
645 307 756 355 appetentiae
770 307 858 357 uoluptas.
872 310 912 346 Hoc

178 366 256 402 artaxirne
273 365 379 413 estolidum,
392 379 414 403 ne
434 365 517 413 subrepat
534 365 651 402 intrnoderata
669 365 750 402 ciborum
770 368 852 413 satietas,
867 380 911 416 quae

178 435 220 462 tunc
234 427 312 463 animam
326 425 449 470 commaculat,
463 437 504 461 cum
518 434 548 460 aut
561 422 652 461 fastidium
661 423 778 462 refectionem
787 427 873 475 sequitur,
883 437 912 463 aut

178 486 237 533 gravis
258 484 313 522 acidia
331 496 414 522 mentem.
430 484 514 520 Vomitus
532 484 553 521 de
571 485 661 521 saturitate
678 483 787 532 procedens,
806 498 869 522 canum
887 497 912 523 est

179 546 245 593 potius,
259 558 311 593 qrrarn
325 544 460 582 monachorum.
475 543 544 593 Religio
555 543 649 580 christiana
658 543 717 581 virum
727 545 806 581 maxime
815 544 912 582 detestatur·

178 604 285 653 epulonem,
299 604 383 653 quoniam
397 603 471 641 deliciae
487 615 579 640 servorum
595 604 638 651 Dei,
651 617 687 640 non
707 616 747 641 esca
767 613 785 641 et
804 614 867 653 potus;
880 595 911 642 sed

178 663 240 711 pietas,
254 673 271 699 et
284 663 351 699 iustitia
364 672 410 708 sunt,
419 662 461 711 quia
470 672 487 698 et
497 662 545 698 Deus
558 661 600 698 fidei
612 663 687 710 puritate
701 663 772 710 colitur,
784 673 802 699 et
815 664 910 712 unicnique

178 723 227 771 quod
241 736 292 759 sunm
306 732 338 768 est,
353 722 399 758 iuste
412 722 529 758 ministratur.
543 721 629 771 Quisquis
643 723 697 770 igitur
706 723 745 760 Deo
758 723 828 771 placere
841 724 859 760 in
872 732 911 761 toto

178 782 230 820 corde
244 793 275 819 tuo
289 782 382 823 desideras,
394 782 495 831 quicunque
510 782 601 831 pervenire
614 781 635 819 ad
649 791 730 819 aeternae
744 782 834 819 felicitatis
847 783 911 831 gaudia

178 841 259 887 festinas,
269 841 357 878 ieiunandi
370 841 444 878 modum
458 840 489 878 tibi
504 841 552 878 iuxta
565 853 665 878 mensuram
675 842 740 878 virium
750 851 821 878 tuarum
831 841 911 888 indicito,

178 912 195 938 et
209 914 270 938 curam
284 900 347 938 adhibe
360 902 462 948 marrianam,
477 912 496 937 ut
511 902 591 938 ieiunans
608 901 631 937 sis
647 902 665 937 in
679 902 760 938 oratione
778 902 880 948 continuus,
893 902 910 937 in

177 960 248 998 iudiciis
262 962 325 1007 iustus,
339 962 356 998 in
370 963 446 998 fraterna
460 960 555 998 dilectione
568 961 677 1009 praecipuus
686 962 704 997 in
717 961 787 998 iniuriis
801 961 880 1009 patiens,
894 961 911 997 in

177 1019 328 1069 increpationibus
335 1020 414 1066 humilis,
420 1021 437 1057 in
445 1033 528 1057 sermone
536 1021 681 1069 circumspectus,
687 1021 704 1057 in
712 1020 820 1058 conscientia
827 1020 910 1067 mundus,

177 1080 195 1116 in
209 1092 271 1116 amore
288 1080 322 1116 Dei
335 1079 423 1126 fervidus,
437 1089 453 1116 et
467 1080 485 1116 in
499 1080 567 1116 cunctis
584 1079 682 1117 actionibus
698 1081 742 1127 tuis,
756 1081 853 1118 comitante
870 1093 910 1128 pru-

178 1138 242 1184 dentia,
255 1139 355 1176 timoratus
368 1137 427 1175 Verba
440 1138 515 1185 inutilia,
530 1149 547 1175 et
560 1139 617 1176 otiosa
631 1137 698 1188 fugito,
712 1148 729 1176 et
743 1149 782 1176 esto
795 1152 910 1188 perseverans

178 1199 195 1234 in
210 1197 293 1246 operibns
307 1197 357 1234 bonis
371 1198 524 1245 omnitempore,
539 1196 604 1234 habens
621 1201 639 1234 in
656 1197 733 1235 adversis
752 1199 879 1245 constantiam,
893 1199 910 1235 in

177 1257 306 1294 tentationibus
320 1257 436 1306 vigilantiam,
450 1258 468 1293 in
482 1256 581 1294 refectione
594 1258 728 1304 continentiam,
743 1267 760 1295 et
778 1258 879 1306 simplicem
892 1259 910 1295 in

178 1317 231 1354 corde
245 1318 346 1365 puritatem.
360 1316 398 1353 Sint
412 1315 513 1362 moderata,
527 1326 544 1352 et
558 1327 618 1353 sancta
636 1316 715 1353 inomni
729 1317 794 1353 mentis
810 1317 910 1355 humilitate

177 1377 249 1423 ieiunia,
264 1389 308 1425 quae
321 1377 344 1413 ita
358 1389 422 1424 corpus
436 1384 534 1420 attenuent,
548 1386 567 1412 ut
580 1386 658 1413 mentem
671 1376 689 1413 in
703 1375 803 1424 superbiam
822 1390 858 1414 non
876 1377 910 1413 ele·

177 1445 226 1482 veut,
240 1449 262 1472 ne
276 1435 382 1472 humilitatis
396 1436 500 1472 exercitium
515 1436 589 1472 materia
601 1435 631 1471 liat
644 1436 736 1472 vitiorum.
751 1436 839 1472 ieiunium
853 1437 909 1472 otium

177 1495 281 1542 detestatur,
295 1493 419 1532 verbositatem
432 1507 469 1532 non
483 1503 536 1540 amat,
550 1505 638 1531 secretum
652 1493 715 1544 diligit,
728 1494 840 1531 orationibus
856 1504 873 1532 et
886 1496 909 1532 la-

177 1555 242 1604 crymis
255 1554 336 1591 intendit.
350 1554 444 1600 ieiunium,
457 1564 519 1591 sancto
534 1563 610 1591 testante
624 1554 726 1601 Ambrosio,
740 1567 789 1591 mors
804 1555 865 1603 culpae
878 1564 910 1602 est,

177 1614 267 1651 excidium
281 1613 397 1660 delictorum,
411 1613 511 1650 remedium
529 1612 600 1659 salutis,
614 1612 663 1650 radia
681 1613 758 1662 gratiae,
774 1612 909 1651 fundamentum

177 1674 268 1711 castitatis.
282 1673 321 1709 Hoc
330 1674 384 1722 gradu
394 1674 452 1709 iustus
461 1672 483 1709 ad
492 1672 554 1709 Deum
560 1671 632 1720 Moyses
642 1673 732 1720 pervenit:
747 1671 782 1708 hoc
791 1685 865 1709 munere
874 1673 909 1709 He-

176 1733 208 1770 lias
222 1734 240 1769 in
254 1733 328 1779 caelum,
342 1733 444 1782 priusquam
458 1741 565 1777 moreretur,
579 1743 631 1768 curru
644 1732 728 1768 ascendit.
743 1731 781 1775 Qui
794 1732 857 1780 spiritu
872 1745 909 1769 am·

177 1791 346 1837 balant,ieiunium
360 1790 446 1839 diligunt:
461 1800 479 1826 et
492 1790 523 1839 qui
532 1792 629 1827 castitatem
639 1789 751 1838 profitentur,
760 1789 869 1827 affluentiam
880 1804 910 1828 ne-

177 1852 253 1889 cessario
267 1850 337 1900 fugiunt
350 1850 459 1888 deliciarum.
474 1850 536 1887 Fames
550 1852 598 1887 enim
610 1850 666 1887 amica
679 1850 778 1899 virginitati
792 1860 824 1897 est,
837 1850 909 1887 inimica

177 1912 265 1948 lasciviae.
280 1911 364 1947 Saturitas
378 1923 419 1948 tero
433 1910 493 1960 prodit
506 1911 612 1956 castitatem,
622 1920 638 1947 et
647 1910 703 1946 nutrit
712 1910 809 1947 lasciviam.
823 1899 909 1947 Ardentes

121 1975 123 1979 ’
177 1973 225 2008 enim
239 1969 304 2008 diaboli
317 1970 390 2019 sagittas
407 1971 493 2007 ieiunium
510 1970 607 2019 extinguit,
621 1970 706 2007 orationis
724 1970 808 2005 instantia
823 1970 909 2017 reprimit,

177 2041 194 2067 et
207 2029 308 2079 vigiliarum
321 2029 339 2065 in
353 2029 418 2066 Christi
432 2042 493 2066 amore
511 2028 621 2066 continuatio
634 2041 697 2065 ornnes
715 2028 824 2065 daemonum
837 2028 909 2066 insidias

176 2089 252 2138 repellit.
266 2089 312 2125 Hinc
325 2098 396 2125 sanctus
405 2089 441 2126 Leo
450 2090 497 2137 Papa
510 2090 528 2125 in
542 2088 619 2138 quodam
632 2101 714 2125 sermone
727 2088 775 2125 dicit.
789 2087 838 2132 Quid
850 2098 909 2137 potest

176 2162 214 2186 esse
228 2149 295 2185 ieiunio
310 2147 403 2195 efficacius,
417 2148 466 2185 cuius
480 2147 592 2185 observantia
605 2148 768 2197 appropinquamus
781 2147 827 2194 Deo,
838 2158 854 2184 et
867 2149 909 2185 resi·

176 2219 243 2247 stentes
257 2208 328 2245 diabolo
341 2208 383 2245 vitia
396 2207 459 2245 blanda
470 2208 586 2256 superamus?
596 2208 669 2256 Semper
678 2208 726 2244 enim
735 2206 797 2243 virtuti
808 2205 856 2243 cibus
866 2208 909 2245 ieiu-

175 2270 226 2305 nium
240 2267 282 2314 fuit,
296 2278 312 2304 et
330 2267 435 2304 abstinentia
450 2278 520 2304 sanctae
533 2267 618 2304 eastitatis
635 2266 745 2303 alimentum.
760 2266 787 2302 De
805 2265 910 2303 abstinentia

175 2329 242 2375 quippe
256 2327 375 2375 cogitationes
389 2336 446 2363 castae
459 2325 568 2374 procedunt,
582 2324 695 2373 rationabiles
712 2334 785 2374 generat
799 2325 908 2371 voluntates,

175 2386 240 2435 pudica
258 2398 329 2434 quoque
345 2385 427 2431 consilia,
442 2395 459 2421 et
477 2398 508 2434 per
525 2384 634 2422 voluntarias
652 2383 755 2421 afflictiones
769 2397 811 2422 caro
825 2386 908 2433 concupi-

176 2445 247 2482 scentiis
261 2446 344 2492 motitur,
353 2443 448 2481 virtutibus
461 2444 534 2493 spiritns
548 2445 647 2481 innovatur.
660 2443 747 2480 Amemus
757 2444 812 2492 igitur
822 2444 908 2481 ieiunium

176 2503 238 2541 fratres
252 2505 293 2550 mei,
307 2504 377 2540 uirtutis
391 2516 457 2550 amore,
471 2512 545 2552 propter
554 2516 601 2549 eum,
611 2503 641 2552 qui
654 2511 731 2539 mortem
745 2515 778 2552 pro
789 2502 840 2541 nobis
850 2502 908 2539 subire

175 2577 212 2600 non
226 2562 291 2609 abnuit,
308 2573 324 2599 et
337 2563 455 2600 abstineamus
468 2576 505 2601 non
518 2563 576 2600 solum
590 2562 616 2599 ab'
624 2561 695 2609 illicitis,
706 2562 737 2600 sed
750 2564 810 2610 etiam,
822 2573 907 2613 quantum

175 2622 214 2659 fieri
227 2632 312 2671 potest,a
325 2624 418 2669 concessis,
428 2633 447 2659 ut
461 2624 491 2671 qui
505 2633 567 2659 contra
581 2622 662 2659 mandata
675 2622 735 2659 salutis
749 2623 766 2659 in
780 2622 842 2659 irruitis
853 2621 908 2659 offen-

176 2681 241 2727 dimus,
254 2682 273 2718 iu
286 2694 424 2730 recompensam
433 2681 560 2719 satisfactionis
574 2680 594 2718 ab
608 2682 657 2718 omni
670 2694 702 2719 nos
718 2681 801 2730 deinceps
815 2680 907 2731 voluptate
