1968 3023
182 143 218 181 266
374 142 401 182 De
413 148 457 182 stata
470 148 484 182 at
496 140 546 182 ruina
559 143 646 182 rrrorrasticr'
658 141 724 183 ordinis.
733 157 749 200 ,a

182 224 302 272 praesidentes
316 225 398 263 ordinem
411 236 493 263 nostrum
501 225 539 262 sine
548 224 628 262 remedio
637 213 750 280 specialiliri
758 225 871 263 observantia
879 238 914 263 non
965 240 967 243 ’

183 280 212 321 diu
227 296 279 331 posse
293 283 395 331 subsistere,
409 297 440 333 per
454 284 550 334 capitulum
568 284 677 334 provinciale
690 294 790 323 statuerunt
806 284 831 322 illi
845 298 916 322 succur-

182 356 231 389 rere;
246 345 263 381 in
278 357 314 394 quo
327 357 359 392 per
371 344 465 387 solertiam
477 343 615 393 praesidentium
629 357 692 382 omnes
705 343 727 381 ad
740 344 820 394 regulam
833 345 915 382 institue-

98 410 161 451 rampt-
181 413 243 440 rentur
255 404 323 449 vivere,
338 414 355 441 et
371 403 429 441 nullus
447 413 507 452 posset
524 402 545 440 ab
562 404 642 453 incaepta
657 403 785 442 reformatione
800 404 877 442 deviare.
895 405 914 441 lu

73 444 160 514 {Eifflm
182 463 259 511 capitulo
273 463 321 500 enim
330 462 421 500 Abbatum
434 473 475 500 sunt
489 461 598 500 emendanda
607 462 656 508 vitia,
665 463 753 500 virtutum
766 462 846 500 facienda
857 462 916 500 horta·

181 531 246 568 meuta,
260 531 279 558 ut
296 521 339 559 mali
356 522 452 567 inveniant,
466 521 512 559 unde
525 522 606 568 timeant,
620 521 663 559 boni
676 522 754 567 audiant,
768 522 815 560 unde
830 521 915 560 meliores

181 582 233 618 fiant:
241 582 309 619 Idcirco
319 581 403 631 leguntur
412 581 433 618 ad
442 581 583 619 aedificationem
592 582 648 628 varia;
658 592 677 618 ut
685 581 736 619 bonis
744 581 834 619 mentibus
843 595 914 632 semper

181 642 239 678 adsint
252 643 372 678 incrementa:
387 641 413 678 lbi
427 640 484 678 Abbas
502 640 524 678 de
540 642 627 690 regimine
644 654 676 679 suo
694 642 797 689 instruitur;
812 642 835 679 ibi
849 642 871 679 de
885 656 914 692 pe-

137 704 139 709 '
181 700 237 738 riculo
251 714 302 738 curae
320 700 413 749 pastoralis
431 701 546 746 admonetur,
564 700 592 744 ibi,
607 700 649 750 quid
667 701 724 745 faciat,
743 702 857 750 praecipitur,
872 701 914 751 quid

180 762 224 798 vitet
237 774 299 798 amore
311 762 353 807 Dei,
366 759 479 810 prohibetur:
494 761 585 809 Denique3
598 761 624 797 sic
634 760 684 798 nobis
695 761 842 799 convenientibus
856 761 878 798 ad
887 775 914 798 ca-

180 820 257 869 pitulum
267 820 323 856 nrulta
332 820 439 869 proveniunt
448 820 505 865 utilia,
516 833 567 869 quae,
578 820 592 856 si
606 820 705 857 animarum
715 820 791 857 salutem
801 833 913 870 quaeramrrs,

180 877 231 916 valde
244 889 285 916 sunt
298 881 407 916 necessaria:
421 879 474 926 Nam,
484 890 502 915 nt
516 888 586 916 coetera
598 889 716 927 praeteream,
725 889 787 917 rtrutua
797 881 814 916 in
828 880 913 917 charitate

181 940 245 976 notitia
258 939 324 976 ibidem
338 940 444 988 concipitur,
459 953 503 988 quae
517 949 603 988 quantum
619 940 641 976 ad
654 953 734 977 amorem
752 940 837 989 regularis
850 938 913 977 obser-

180 999 251 1035 vantiae
264 999 357 1043 conducat,
367 998 475 1048 experientia
485 998 599 1036 demonstrat.
610 998 635 1035 lbi
644 1012 666 1035 ex
675 1000 738 1036 notitia
747 999 823 1037 charitas
837 1000 913 1037 fraterna

181 1068 197 1095 et
211 1067 332 1102 conservatur,
346 1068 363 1095 et
376 1069 456 1107 angetur,
470 1071 514 1107 quae
527 1058 607 1108 alioquin
620 1059 656 1095 cito
670 1068 773 1109 tepesceret,
783 1061 798 1096 si
812 1060 912 1096 fomentum

138 1143 141 1147 -
181 1119 277 1167 agnitionis
291 1127 364 1155 mutuae
378 1131 413 1154 rrorr
427 1118 508 1155 haberet:
522 1118 557 1154 Hic
570 1120 591 1155 ad
604 1118 745 1156 uniformitatem
759 1119 816 1156 facilis
830 1128 878 1168 patet
887 1133 913 1156 ac-

181 1191 248 1224 cessus,
261 1177 291 1215 ubi
304 1178 385 1215 moribus
399 1178 478 1214 honestis
493 1191 514 1214 ex
528 1178 622 1215 collatione
635 1189 705 1227 patrum
724 1188 785 1215 mutua
802 1188 873 1226 paratur
886 1179 913 1214 iu-

180 1237 269 1284 ceudium,
284 1251 305 1274 ev
320 1237 402 1273 convictu
412 1237 509 1273 sanctitatis
523 1236 616 1284 praebetur
630 1236 738 1285 exemplum.
747 1236 796 1273 Haec
805 1245 846 1272 sunt
856 1247 911 1273 castra

180 1297 221 1342 Dei,
234 1310 245 1333 o
258 1297 325 1341 tnta-es,
340 1296 444 1343 ordinisque
459 1295 516 1331 nostri
528 1294 667 1344 propugnacula,
681 1295 744 1344 quibus
758 1296 818 1332 onmia
831 1294 912 1332 adversa-

180 1356 249 1391 riorum
262 1364 366 1392 nostrorum
380 1354 401 1391 ad
414 1354 490 1391 nihilum
508 1354 609 1402 redigantur
627 1353 706 1402 ingenia:
723 1353 758 1390 Sed
775 1367 812 1390 non
830 1355 912 1390 omnium

180 1428 215 1451 uua
228 1415 331 1460 sinceritas,
341 1427 374 1451 nec
387 1426 458 1450 morum
472 1414 490 1449 in
503 1412 553 1450 vobis
566 1422 638 1462 apparet
647 1413 749 1463 aequalitas.
759 1413 810 1450 Unde
821 1413 883 1462 potuit*
893 1414 911 1449 iu

179 1486 216 1511 uno
230 1473 292 1510 ordine
306 1482 354 1510 tanta
371 1472 440 1510 oboriri
453 1484 524 1509 morum
542 1471 644 1521 disparitas;
659 1471 688 1508 nbi
706 1472 808 1519 capitularis
825 1472 911 1519 aspicitur

179 1534 250 1570 unitas?
264 1532 310 1576 Quis
324 1531 384 1568 divisit
398 1533 443 1568 inter
457 1544 493 1575 vos,
508 1539 525 1566 et
538 1530 617 1580 regulam
635 1532 691 1568 sancti
707 1529 803 1575 Benedicti,
818 1543 829 1567 o
842 1530 910 1575 Patres,

180 1603 264 1629 concreto
274 1592 322 1628 crine
336 1591 414 1628 comati?
423 1590 460 1627 Cur
473 1590 494 1626 ad
503 1589 645 1626 uniformitatem
657 1603 694 1626 nou
703 1590 788 1637 aspicitis,
797 1590 827 1639 qui
839 1589 911 1626 unitatis

179 1661 287 1689 conventum
301 1649 405 1688 celebratis?
418 1650 437 1686 Si
450 1650 531 1687 ordinem
545 1649 631 1693 sanctum,
641 1663 695 1698 quern
704 1649 820 1698 profitemini,
831 1648 911 1697 diligitis,

180 1724 211 1748 cur
224 1711 367 1748 uniformitatem
377 1710 394 1746 in
404 1709 434 1746 illo
444 1723 480 1746 non
490 1709 564 1746 amatis?
573 1708 622 1753 Quid
631 1707 681 1745 vobis
691 1709 750 1746 criniti
764 1709 825 1757 capitis
835 1708 910 1745 umbra?

179 1771 239 1815 Quem
254 1769 299 1806 ferre
313 1770 379 1818 putatis
393 1777 476 1805 ornatum
490 1768 551 1804 cirrosi
565 1768 636 1804 verticis
646 1768 728 1805 culmen?
742 1768 813 1805 Credite
827 1767 871 1804 mibi
880 1768 911 1804 Pa-

178 1841 220 1874 tres,
234 1828 318 1874 dedecus,
328 1841 365 1865 non
375 1828 433 1865 honor
444 1839 524 1864 censetur
537 1827 555 1864 iu
568 1827 657 1864 monacho
666 1827 743 1865 crinibus
753 1828 831 1866 obducta
844 1828 909 1866 facies:

178 1891 196 1928 O
209 1903 263 1939 quam
276 1888 350 1937 pulchra
364 1888 411 1924 foret
424 1888 458 1924 ista
472 1888 572 1931 conventio,
586 1888 632 1923 siin
646 1900 699 1925 uuam
713 1886 800 1936 regularis
818 1887 911 1925 observan-

178 1950 212 1986 tiae
228 1947 346 1996 disciplinam,
360 1957 379 1983 ut
393 1945 483 1992 debuerat,
497 1947 606 1982 conveniret.
619 1945 669 1989 Quid
681 1946 751 1983 dicam?
764 1947 817 1984 laudo
834 1959 911 1985 couven-

178 2019 225 2053 mm,
239 2007 270 2044 sed
286 2005 420 2044 deformitatem
433 2005 452 2041 in
465 2005 501 2040 suis
515 2003 687 2052 reprehendoNam
700 2014 772 2053 propter
786 2005 910 2043 confusionem

85 2084 157 2112 Unifornri·
178 2066 253 2112 ordinis,
266 2078 349 2115 praesens
362 2065 432 2101 vilescit
445 2065 509 2101 unitas.
523 2063 605 2100 Exterior
617 2061 687 2099 habitus
701 2062 773 2110 indicat,
788 2063 836 2113 quod
853 2064 910 2101 vitam

70 2126 93 2146 ¹³⁵
106 2119 157 2146 haliau
178 2126 276 2163 multorum
291 2124 365 2161 interior
379 2124 454 2160 amictus
469 2122 591 2174 reprehendat.
601 2122 649 2159 Vere
661 2123 728 2169 Patres,
740 2122 813 2160 offendit
826 2136 863 2161 nou
873 2138 909 2161 me-

69 2162 90 2216 iate
100 2161 157 2215 idacii·
177 2186 262 2223 diocriter
276 2183 386 2232 provinciale
400 2182 507 2231 capitulum,
521 2194 603 2227 morum,
616 2180 745 2230 habituurnque
761 2182 794 2219 ista
811 2183 910 2231 disparitas,

69 2230 157 2284 diffidis:
178 2244 226 2294 quod
240 2243 262 2281 ob
276 2256 316 2280 eam
330 2256 400 2280 causam
413 2243 494 2278 noscitur
507 2240 615 2287 institutum,
629 2250 649 2276 ut
661 2253 702 2289 prae
716 2240 798 2277 omnibus
812 2243 858 2278 vitae
872 2254 909 2278 ser-

68 2293 114 2320 ”ndl'
177 2314 248 2341 varetur
255 2302 358 2352 aequalitas.
368 2301 449 2338 Exterior
459 2301 506 2337 enim
516 2299 605 2338 discordia
617 2300 706 2336 interioris
715 2298 815 2337 discordiae
823 2300 909 2338 iudicium

177 2374 214 2401 est:
229 2362 255 2399 Ut
269 2375 311 2410 ergo
325 2362 343 2398 in
357 2360 470 2398 observantia
483 2359 569 2408 regularis
583 2357 686 2407 disciplinae
695 2359 750 2395 simus
764 2360 862 2404 unanimes,
873 2370 909 2397 stu-

178 2423 251 2460 deamus
265 2420 332 2464 habitu,
346 2430 363 2458 et
376 2430 449 2456 tonsura
462 2420 480 2455 in
493 2419 555 2467 prirrris
569 2431 608 2455 esse
622 2417 730 2455 conformes.
