<?xml version="1.0" encoding="UTF-8"?>
<!DOCTYPE html PUBLIC "-//W3C//DTD XHTML 1.0 Transitional//EN"
    "http://www.w3.org/TR/xhtml1/DTD/xhtml1-transitional.dtd">
<html xmlns="http://www.w3.org/1999/xhtml" xml:lang="en" lang="en">
 <head>
  <title>
</title>
<meta http-equiv="Content-Type" content="text/html;charset=utf-8" />
  <meta name='ocr-system' content='tesseract 3.04.00' />
  <meta name='ocr-capabilities' content='ocr_page ocr_carea ocr_par ocr_line ocrx_word'/>
</head>
<body>
  <div class='ocr_page' id='page_1' title='image "MN5032ucmf_2_0147.png"; bbox 0 0 1968 3023; ppageno 0'>
   <div class='ocr_carea' id='block_1_1' title="bbox 359 141 796 190">
    <p class='ocr_par' dir='ltr' id='par_1_1' title="bbox 359 141 796 190">
     <span class='ocr_line' id='line_1_1' title="bbox 359 141 796 190; baseline -0.002 -11"><span class='ocrx_word' id='word_1_1' title='bbox 359 141 436 180; x_wconf 82' lang='lat' dir='ltr'>Humilia</span> <span class='ocrx_word' id='word_1_2' title='bbox 450 141 497 178; x_wconf 85' lang='lat' dir='ltr'><em>XIX.</em></span> <span class='ocrx_word' id='word_1_3' title='bbox 763 153 782 190; x_wconf 83' lang='lat'>13</span> <span class='ocrx_word' id='word_1_4' title='bbox 788 152 796 188; x_wconf 84' lang='lat'><em>5</em></span> 
     </span>
    </p>
   </div>
   <div class='ocr_carea' id='block_1_2' title="bbox 8 222 906 2644">
    <p class='ocr_par' dir='ltr' id='par_1_2' title="bbox 60 222 906 748">
     <span class='ocr_line' id='line_1_2' title="bbox 62 222 906 273; baseline -0.001 -12"><span class='ocrx_word' id='word_1_5' title='bbox 62 225 111 269; x_wconf 90' lang='lat' dir='ltr'>cerit‚</span> <span class='ocrx_word' id='word_1_6' title='bbox 126 235 162 260; x_wconf 92' lang='lat' dir='ltr'>non</span> <span class='ocrx_word' id='word_1_7' title='bbox 178 232 244 273; x_wconf 86' lang='lat' dir='ltr'>pensat.</span> <span class='ocrx_word' id='word_1_8' title='bbox 262 222 358 260; x_wconf 89' lang='lat' dir='ltr'>Enimvero</span> <span class='ocrx_word' id='word_1_9' title='bbox 376 223 456 272; x_wconf 87' lang='lat' dir='ltr'>quisqu-is</span> <span class='ocrx_word' id='word_1_10' title='bbox 474 236 492 259; x_wconf 88' lang='lat' dir='ltr'>se</span> <span class='ocrx_word' id='word_1_11' title='bbox 510 224 545 259; x_wconf 94' lang='lat' dir='ltr'>iam</span> <span class='ocrx_word' id='word_1_12' title='bbox 563 235 601 259; x_wconf 86' lang='lat' dir='ltr'>esse</span> <span class='ocrx_word' id='word_1_13' title='bbox 616 222 682 272; x_wconf 88' lang='lat' dir='ltr'>aliquid</span> <span class='ocrx_word' id='word_1_14' title='bbox 700 223 796 270; x_wconf 81' lang='lat' dir='ltr'>existimat,</span> <span class='ocrx_word' id='word_1_15' title='bbox 832 229 906 271; x_wconf 52' lang='lat' dir='ltr'>¹{letabu-</span> 
     </span>
     <span class='ocr_line' id='line_1_3' title="bbox 62 264 905 333; baseline -0.004 -12"><span class='ocrx_word' id='word_1_16' title='bbox 62 284 118 322; x_wconf 88' lang='lat' dir='ltr'>adhuc</span> <span class='ocrx_word' id='word_1_17' title='bbox 128 283 200 332; x_wconf 89' lang='lat' dir='ltr'>longius</span> <span class='ocrx_word' id='word_1_18' title='bbox 214 296 223 319; x_wconf 96' lang='lat' dir='ltr'>a</span> <span class='ocrx_word' id='word_1_19' title='bbox 237 296 278 320; x_wconf 90' lang='lat' dir='ltr'>vera</span> <span class='ocrx_word' id='word_1_20' title='bbox 291 282 393 319; x_wconf 88' lang='lat' dir='ltr'>humilitate</span> <span class='ocrx_word' id='word_1_21' title='bbox 407 282 467 328; x_wconf 89' lang='lat' dir='ltr'>distat,</span> <span class='ocrx_word' id='word_1_22' title='bbox 482 284 567 331; x_wconf 88' lang='lat' dir='ltr'>quoniam</span> <span class='ocrx_word' id='word_1_23' title='bbox 576 295 617 319; x_wconf 88' lang='lat' dir='ltr'>vera</span> <span class='ocrx_word' id='word_1_24' title='bbox 626 282 717 320; x_wconf 77' lang='lat' dir='ltr'>humilitas</span> <span class='ocrx_word' id='word_1_25' title='bbox 732 297 796 333; x_wconf 87' lang='lat' dir='ltr'>magna</span> <span class='ocrx_word' id='word_1_26' title='bbox 817 264 905 325; x_wconf 45' lang='lat' dir='ltr'>iiiiifm‘ixii</span> 
     </span>
     <span class='ocr_line' id='line_1_4' title="bbox 61 334 905 395; baseline -0.001 -15"><span class='ocrx_word' id='word_1_27' title='bbox 61 343 108 389; x_wconf 85' lang='lat' dir='ltr'>facit,</span> <span class='ocrx_word' id='word_1_28' title='bbox 122 351 138 380; x_wconf 93' lang='lat' dir='ltr'>et</span> <span class='ocrx_word' id='word_1_29' title='bbox 152 342 173 379; x_wconf 89' lang='lat' dir='ltr'>de</span> <span class='ocrx_word' id='word_1_30' title='bbox 187 356 205 379; x_wconf 90' lang='lat' dir='ltr'>se</span> <span class='ocrx_word' id='word_1_31' title='bbox 218 343 273 379; x_wconf 78' lang='lat' dir='ltr'>sentit</span> <span class='ocrx_word' id='word_1_32' title='bbox 286 342 367 388; x_wconf 88' lang='lat' dir='ltr'>minima,</span> <span class='ocrx_word' id='word_1_33' title='bbox 381 351 398 379; x_wconf 90' lang='lat' dir='ltr'>et</span> <span class='ocrx_word' id='word_1_34' title='bbox 414 351 480 391; x_wconf 89' lang='lat' dir='ltr'>quanto</span> <span class='ocrx_word' id='word_1_35' title='bbox 498 341 573 390; x_wconf 90' lang='lat' dir='ltr'>amplius</span> <span class='ocrx_word' id='word_1_36' title='bbox 587 341 688 390; x_wconf 83' lang='lat' dir='ltr'>profecerit,</span> <span class='ocrx_word' id='word_1_37' title='bbox 705 351 756 379; x_wconf 88' lang='lat' dir='ltr'>tanto</span> <span class='ocrx_word' id='word_1_38' title='bbox 770 344 796 379; x_wconf 92' lang='lat' dir='ltr'>in·</span> <span class='ocrx_word' id='word_1_39' title='bbox 816 334 905 395; x_wconf 53' lang='grc' dir='ltr'>ζζῇξὴάζήξζ</span> 
     </span>
     <span class='ocr_line' id='line_1_5' title="bbox 60 400 843 454; baseline -0.001 -15"><span class='ocrx_word' id='word_1_40' title='bbox 60 402 161 439; x_wconf 86' lang='lat' dir='ltr'>firmitatem</span> <span class='ocrx_word' id='word_1_41' title='bbox 175 415 225 439; x_wconf 88' lang='lat' dir='ltr'>suam</span> <span class='ocrx_word' id='word_1_42' title='bbox 240 400 346 451; x_wconf 86' lang='lat' dir='ltr'>profundius</span> <span class='ocrx_word' id='word_1_43' title='bbox 359 402 479 450; x_wconf 58' lang='lat' dir='ltr'>recognoscit.</span> <span class='ocrx_word' id='word_1_44' title='bbox 489 401 517 438; x_wconf 91' lang='lat' dir='ltr'>Sic</span> <span class='ocrx_word' id='word_1_45' title='bbox 530 402 596 438; x_wconf 83' lang='lat' dir='ltr'>etenim</span> <span class='ocrx_word' id='word_1_46' title='bbox 606 401 696 449; x_wconf 79' lang='lat' dir='ltr'>Scriptura</span> <span class='ocrx_word' id='word_1_47' title='bbox 706 403 796 450; x_wconf 87' lang='lat' dir='ltr'>praecepit</span> <span class='ocrx_word' id='word_1_48' title='bbox 816 412 843 454; x_wconf 63' lang='lat' dir='ltr'>⁰}ss-</span> 
     </span>
     <span class='ocr_line' id='line_1_6' title="bbox 61 459 888 507; baseline -0.007 -8"><span class='ocrx_word' id='word_1_49' title='bbox 61 462 127 499; x_wconf 89' lang='lat' dir='ltr'>dicens.</span> <span class='ocrx_word' id='word_1_50' title='bbox 141 461 214 506; x_wconf 86' lang='lat' dir='ltr'>Quanto</span> <span class='ocrx_word' id='word_1_51' title='bbox 228 461 285 498; x_wconf 88' lang='lat' dir='ltr'>maior</span> <span class='ocrx_word' id='word_1_52' title='bbox 299 474 322 505; x_wconf 86' lang='lat' dir='ltr'>es,</span> <span class='ocrx_word' id='word_1_53' title='bbox 335 461 409 498; x_wconf 86' lang='lat' dir='ltr'>humilia</span> <span class='ocrx_word' id='word_1_54' title='bbox 418 470 436 497; x_wconf 86' lang='lat' dir='ltr'>te</span> <span class='ocrx_word' id='word_1_55' title='bbox 446 461 463 497; x_wconf 91' lang='lat' dir='ltr'>in</span> <span class='ocrx_word' id='word_1_56' title='bbox 474 459 562 507; x_wconf 87' lang='lat' dir='ltr'>omnibus,</span> <span class='ocrx_word' id='word_1_57' title='bbox 572 470 589 497; x_wconf 89' lang='lat' dir='ltr'>et</span> <span class='ocrx_word' id='word_1_58' title='bbox 599 473 659 497; x_wconf 90' lang='lat' dir='ltr'>coram</span> <span class='ocrx_word' id='word_1_59' title='bbox 668 461 707 498; x_wconf 86' lang='lat' dir='ltr'>Deo</span> <span class='ocrx_word' id='word_1_60' title='bbox 717 462 795 498; x_wconf 83' lang='lat' dir='ltr'>invenies</span> <span class='ocrx_word' id='word_1_61' title='bbox 816 468 866 494; x_wconf 74' lang='lat' dir='ltr'>Ecctes.</span> <span class='ocrx_word' id='word_1_62' title='bbox 877 476 888 501; x_wconf 80' lang='lat'>3.</span> 
     </span>
     <span class='ocr_line' id='line_1_7' title="bbox 60 519 887 570; baseline -0.002 -12"><span class='ocrx_word' id='word_1_63' title='bbox 60 521 141 570; x_wconf 80' lang='lat' dir='ltr'>gratiam.</span> <span class='ocrx_word' id='word_1_64' title='bbox 154 520 255 570; x_wconf 81' lang='lat' dir='ltr'>iterumque</span> <span class='ocrx_word' id='word_1_65' title='bbox 269 519 321 557; x_wconf 89' lang='lat' dir='ltr'>dicit:</span> <span class='ocrx_word' id='word_1_66' title='bbox 336 520 417 557; x_wconf 82' lang='lat' dir='ltr'>Humilia</span> <span class='ocrx_word' id='word_1_67' title='bbox 429 519 481 557; x_wconf 82' lang='lat' dir='ltr'>valde</span> <span class='ocrx_word' id='word_1_68' title='bbox 494 521 576 569; x_wconf 87' lang='lat' dir='ltr'>spiritum</span> <span class='ocrx_word' id='word_1_69' title='bbox 590 530 647 564; x_wconf 86' lang='lat' dir='ltr'>tuum,</span> <span class='ocrx_word' id='word_1_70' title='bbox 657 521 742 570; x_wconf 87' lang='lat' dir='ltr'>quoniam</span> <span class='ocrx_word' id='word_1_71' title='bbox 757 521 796 557; x_wconf 86' lang='lat' dir='ltr'>vin-</span> <span class='ocrx_word' id='word_1_72' title='bbox 815 531 866 557; x_wconf 73' lang='lat' dir='ltr'>nectes.</span> <span class='ocrx_word' id='word_1_73' title='bbox 875 529 887 557; x_wconf 85' lang='lat'>6.</span> 
     </span>
     <span class='ocr_line' id='line_1_8' title="bbox 60 579 904 629; baseline -0.008 -13"><span class='ocrx_word' id='word_1_74' title='bbox 60 580 107 617; x_wconf 86' lang='lat' dir='ltr'>dicta</span> <span class='ocrx_word' id='word_1_75' title='bbox 120 580 176 622; x_wconf 90' lang='lat' dir='ltr'>carnis</span> <span class='ocrx_word' id='word_1_76' title='bbox 190 580 240 628; x_wconf 91' lang='lat' dir='ltr'>impii</span> <span class='ocrx_word' id='word_1_77' title='bbox 253 579 305 627; x_wconf 81' lang='lat' dir='ltr'>ignis,</span> <span class='ocrx_word' id='word_1_78' title='bbox 320 589 336 616; x_wconf 92' lang='lat' dir='ltr'>et</span> <span class='ocrx_word' id='word_1_79' title='bbox 349 580 421 617; x_wconf 89' lang='lat' dir='ltr'>vermis.</span> <span class='ocrx_word' id='word_1_80' title='bbox 435 580 562 617; x_wconf 85' lang='lat' dir='ltr'>Humilitatem</span> <span class='ocrx_word' id='word_1_81' title='bbox 576 580 630 629; x_wconf 89' lang='lat' dir='ltr'>igitur</span> <span class='ocrx_word' id='word_1_82' title='bbox 643 579 705 617; x_wconf 86' lang='lat' dir='ltr'>fratres</span> <span class='ocrx_word' id='word_1_83' title='bbox 719 580 755 615; x_wconf 90' lang='lat' dir='ltr'>mei</span> <span class='ocrx_word' id='word_1_84' title='bbox 769 593 795 616; x_wconf 89' lang='lat' dir='ltr'>as·</span> <span class='ocrx_word' id='word_1_85' title='bbox 824 584 904 626; x_wconf 38' lang='lat' dir='ltr'>&#39;Humanu-</span> 
     </span>
     <span class='ocr_line' id='line_1_9' title="bbox 60 626 905 689; baseline -0.004 -13"><span class='ocrx_word' id='word_1_86' title='bbox 60 640 126 687; x_wconf 86' lang='lat' dir='ltr'>sumite</span> <span class='ocrx_word' id='word_1_87' title='bbox 138 651 205 689; x_wconf 84' lang='lat' dir='ltr'>veram,</span> <span class='ocrx_word' id='word_1_88' title='bbox 215 652 251 676; x_wconf 93' lang='lat' dir='ltr'>non</span> <span class='ocrx_word' id='word_1_89' title='bbox 265 638 321 684; x_wconf 89' lang='lat' dir='ltr'>illam,</span> <span class='ocrx_word' id='word_1_90' title='bbox 332 652 376 688; x_wconf 90' lang='lat' dir='ltr'>quae</span> <span class='ocrx_word' id='word_1_91' title='bbox 386 640 429 676; x_wconf 85' lang='lat' dir='ltr'>foris</span> <span class='ocrx_word' id='word_1_92' title='bbox 443 640 460 676; x_wconf 92' lang='lat' dir='ltr'>in</span> <span class='ocrx_word' id='word_1_93' title='bbox 474 650 530 689; x_wconf 87' lang='lat' dir='ltr'>gestu,</span> <span class='ocrx_word' id='word_1_94' title='bbox 541 649 558 677; x_wconf 89' lang='lat' dir='ltr'>et</span> <span class='ocrx_word' id='word_1_95' title='bbox 568 653 612 677; x_wconf 85' lang='lat' dir='ltr'>voce</span> <span class='ocrx_word' id='word_1_96' title='bbox 622 632 682 677; x_wconf 85' lang='lat' dir='ltr'>coram</span> <span class='ocrx_word' id='word_1_97' title='bbox 692 639 795 676; x_wconf 89' lang='lat' dir='ltr'>hominihus</span> <span class='ocrx_word' id='word_1_98' title='bbox 817 626 905 681; x_wconf 55' lang='lat' dir='ltr'>igmffi&#39;i&#39;il</span> 
     </span>
     <span class='ocr_line' id='line_1_10' title="bbox 60 691 839 748; baseline 0 -13"><span class='ocrx_word' id='word_1_99' title='bbox 60 713 69 736; x_wconf 89' lang='lat' dir='ltr'>a</span> <span class='ocrx_word' id='word_1_100' title='bbox 82 696 214 735; x_wconf 80' lang='lat' dir='ltr'>simulatoribus</span> <span class='ocrx_word' id='word_1_101' title='bbox 228 697 333 747; x_wconf 84' lang='lat' dir='ltr'>quandoque</span> <span class='ocrx_word' id='word_1_102' title='bbox 347 698 453 744; x_wconf 82' lang='lat' dir='ltr'>ostenditur,</span> <span class='ocrx_word' id='word_1_103' title='bbox 464 699 494 736; x_wconf 92' lang='lat' dir='ltr'>sed</span> <span class='ocrx_word' id='word_1_104' title='bbox 504 700 631 745; x_wconf 86' lang='lat' dir='ltr'>Christianam,</span> <span class='ocrx_word' id='word_1_105' title='bbox 642 713 687 748; x_wconf 86' lang='lat' dir='ltr'>quae</span> <span class='ocrx_word' id='word_1_106' title='bbox 698 711 743 748; x_wconf 89' lang='lat' dir='ltr'>puro</span> <span class='ocrx_word' id='word_1_107' title='bbox 758 712 796 735; x_wconf 92' lang='lat' dir='ltr'>cor·</span> <span class='ocrx_word' id='word_1_108' title='bbox 815 691 839 716; x_wconf 52' lang='lat'>1⁵⁰*</span> 
     </span>
    </p>

    <p class='ocr_par' dir='ltr' id='par_1_3' title="bbox 60 757 795 806">
     <span class='ocr_line' id='line_1_11' title="bbox 60 757 795 806; baseline -0.001 -10"><span class='ocrx_word' id='word_1_109' title='bbox 60 758 87 796; x_wconf 88' lang='lat' dir='ltr'>dis</span> <span class='ocrx_word' id='word_1_110' title='bbox 100 758 163 800; x_wconf 81' lang='lat' dir='ltr'>affectu</span> <span class='ocrx_word' id='word_1_111' title='bbox 176 757 283 806; x_wconf 89' lang='lat' dir='ltr'>possidetur.</span> <span class='ocrx_word' id='word_1_112' title='bbox 297 757 352 794; x_wconf 84' lang='lat' dir='ltr'>Aliud</span> <span class='ocrx_word' id='word_1_113' title='bbox 365 768 392 794; x_wconf 92' lang='lat' dir='ltr'>est</span> <span class='ocrx_word' id='word_1_114' title='bbox 406 759 454 795; x_wconf 90' lang='lat' dir='ltr'>enim</span> <span class='ocrx_word' id='word_1_115' title='bbox 467 760 553 796; x_wconf 88' lang='lat' dir='ltr'>virtutem</span> <span class='ocrx_word' id='word_1_116' title='bbox 570 758 635 796; x_wconf 85' lang='lat' dir='ltr'>habere</span> <span class='ocrx_word' id='word_1_117' title='bbox 652 758 764 805; x_wconf 85' lang='lat' dir='ltr'>humilitatis,</span> <span class='ocrx_word' id='word_1_118' title='bbox 779 768 795 796; x_wconf 91' lang='lat' dir='ltr'>et</span> 
     </span>
    </p>

    <p class='ocr_par' dir='ltr' id='par_1_4' title="bbox 60 814 795 927">
     <span class='ocr_line' id='line_1_12' title="bbox 60 814 795 866; baseline 0.001 -12"><span class='ocrx_word' id='word_1_119' title='bbox 60 816 107 854; x_wconf 89' lang='lat' dir='ltr'>aliud</span> <span class='ocrx_word' id='word_1_120' title='bbox 120 816 215 866; x_wconf 76' lang='lat' dir='ltr'>imaginem</span> <span class='ocrx_word' id='word_1_121' title='bbox 234 814 362 852; x_wconf 88' lang='lat' dir='ltr'>similitudinis.</span> <span class='ocrx_word' id='word_1_122' title='bbox 381 817 428 853; x_wconf 89' lang='lat' dir='ltr'>Vera</span> <span class='ocrx_word' id='word_1_123' title='bbox 445 816 537 854; x_wconf 90' lang='lat' dir='ltr'>humilitas</span> <span class='ocrx_word' id='word_1_124' title='bbox 556 816 576 853; x_wconf 88' lang='lat' dir='ltr'>ad</span> <span class='ocrx_word' id='word_1_125' title='bbox 594 831 656 855; x_wconf 92' lang='lat' dir='ltr'>omnes</span> <span class='ocrx_word' id='word_1_126' title='bbox 674 819 758 860; x_wconf 85' lang='lat' dir='ltr'>iniurias,</span> <span class='ocrx_word' id='word_1_127' title='bbox 778 828 795 855; x_wconf 90' lang='lat' dir='ltr'>et</span> 
     </span>
     <span class='ocr_line' id='line_1_13' title="bbox 61 874 794 927; baseline 0 -13"><span class='ocrx_word' id='word_1_128' title='bbox 61 875 177 914; x_wconf 85' lang='lat' dir='ltr'>contumelias</span> <span class='ocrx_word' id='word_1_129' title='bbox 190 874 286 924; x_wconf 89' lang='lat' dir='ltr'>tranquillo</span> <span class='ocrx_word' id='word_1_130' title='bbox 301 874 353 912; x_wconf 90' lang='lat' dir='ltr'>corde</span> <span class='ocrx_word' id='word_1_131' title='bbox 367 888 439 923; x_wconf 88' lang='lat' dir='ltr'>semper</span> <span class='ocrx_word' id='word_1_132' title='bbox 452 885 478 912; x_wconf 89' lang='lat' dir='ltr'>est</span> <span class='ocrx_word' id='word_1_133' title='bbox 491 878 568 925; x_wconf 88' lang='lat' dir='ltr'>patiens,</span> <span class='ocrx_word' id='word_1_134' title='bbox 582 876 603 913; x_wconf 89' lang='lat' dir='ltr'>ad</span> <span class='ocrx_word' id='word_1_135' title='bbox 616 887 710 927; x_wconf 89' lang='lat' dir='ltr'>praecepta</span> <span class='ocrx_word' id='word_1_136' title='bbox 723 891 794 927; x_wconf 89' lang='lat' dir='ltr'>quoque</span> 
     </span>
    </p>

    <p class='ocr_par' dir='ltr' id='par_1_5' title="bbox 60 934 795 986">
     <span class='ocr_line' id='line_1_14' title="bbox 60 934 795 986; baseline -0.001 -12"><span class='ocrx_word' id='word_1_137' title='bbox 60 949 95 974; x_wconf 93' lang='lat' dir='ltr'>non</span> <span class='ocrx_word' id='word_1_138' title='bbox 109 934 168 972; x_wconf 89' lang='lat' dir='ltr'>solum</span> <span class='ocrx_word' id='word_1_139' title='bbox 182 936 276 980; x_wconf 86' lang='lat' dir='ltr'>maiorem,</span> <span class='ocrx_word' id='word_1_140' title='bbox 289 934 320 971; x_wconf 86' lang='lat' dir='ltr'>sed</span> <span class='ocrx_word' id='word_1_141' title='bbox 333 935 387 971; x_wconf 86' lang='lat' dir='ltr'>etiam</span> <span class='ocrx_word' id='word_1_142' title='bbox 401 935 501 984; x_wconf 84' lang='lat' dir='ltr'>aequalium</span> <span class='ocrx_word' id='word_1_143' title='bbox 515 945 541 973; x_wconf 93' lang='lat' dir='ltr'>est</span> <span class='ocrx_word' id='word_1_144' title='bbox 557 936 594 972; x_wconf 90' lang='lat' dir='ltr'>sine</span> <span class='ocrx_word' id='word_1_145' title='bbox 612 936 740 986; x_wconf 82' lang='lat' dir='ltr'>disceptatione</span> <span class='ocrx_word' id='word_1_146' title='bbox 753 936 795 974; x_wconf 83' lang='lat' dir='ltr'>obe-</span> 
     </span>
    </p>

    <p class='ocr_par' dir='ltr' id='par_1_6' title="bbox 59 994 795 1044">
     <span class='ocr_line' id='line_1_15' title="bbox 59 994 795 1044; baseline -0.001 -11"><span class='ocrx_word' id='word_1_147' title='bbox 59 996 116 1040; x_wconf 87' lang='lat' dir='ltr'>diens,</span> <span class='ocrx_word' id='word_1_148' title='bbox 130 995 148 1031; x_wconf 87' lang='lat' dir='ltr'>in</span> <span class='ocrx_word' id='word_1_149' title='bbox 161 994 239 1031; x_wconf 88' lang='lat' dir='ltr'>adversis</span> <span class='ocrx_word' id='word_1_150' title='bbox 252 1002 311 1030; x_wconf 89' lang='lat' dir='ltr'>servat</span> <span class='ocrx_word' id='word_1_151' title='bbox 325 994 451 1040; x_wconf 80' lang='lat' dir='ltr'>constantiam,</span> <span class='ocrx_word' id='word_1_152' title='bbox 462 996 479 1032; x_wconf 92' lang='lat' dir='ltr'>in</span> <span class='ocrx_word' id='word_1_153' title='bbox 490 996 569 1044; x_wconf 93' lang='lat' dir='ltr'>corporis</span> <span class='ocrx_word' id='word_1_154' title='bbox 582 996 687 1033; x_wconf 84' lang='lat' dir='ltr'>necessitate</span> <span class='ocrx_word' id='word_1_155' title='bbox 700 995 795 1032; x_wconf 89' lang='lat' dir='ltr'>moderan-</span> 
     </span>
    </p>

    <p class='ocr_par' dir='ltr' id='par_1_7' title="bbox 59 1051 795 1100">
     <span class='ocr_line' id='line_1_16' title="bbox 59 1051 795 1100; baseline 0 -9"><span class='ocrx_word' id='word_1_156' title='bbox 59 1055 108 1097; x_wconf 79' lang='lat' dir='ltr'>tiam,</span> <span class='ocrx_word' id='word_1_157' title='bbox 122 1053 139 1090; x_wconf 90' lang='lat' dir='ltr'>in</span> <span class='ocrx_word' id='word_1_158' title='bbox 152 1051 232 1090; x_wconf 89' lang='lat' dir='ltr'>moribus</span> <span class='ocrx_word' id='word_1_159' title='bbox 243 1052 379 1099; x_wconf 84' lang='lat' dir='ltr'>conscientiam,</span> <span class='ocrx_word' id='word_1_160' title='bbox 391 1055 408 1090; x_wconf 91' lang='lat' dir='ltr'>in</span> <span class='ocrx_word' id='word_1_161' title='bbox 417 1055 502 1091; x_wconf 89' lang='lat' dir='ltr'>convictu</span> <span class='ocrx_word' id='word_1_162' title='bbox 511 1054 628 1092; x_wconf 86' lang='lat' dir='ltr'>honestatem.</span> <span class='ocrx_word' id='word_1_163' title='bbox 638 1054 705 1091; x_wconf 87' lang='lat' dir='ltr'>Hilaris</span> <span class='ocrx_word' id='word_1_164' title='bbox 714 1064 747 1100; x_wconf 90' lang='lat' dir='ltr'>est,</span> <span class='ocrx_word' id='word_1_165' title='bbox 758 1067 795 1091; x_wconf 89' lang='lat' dir='ltr'>non</span> 
     </span>
    </p>

    <p class='ocr_par' dir='ltr' id='par_1_8' title="bbox 60 1112 795 1162">
     <span class='ocr_line' id='line_1_17' title="bbox 60 1112 795 1162; baseline 0 -12"><span class='ocrx_word' id='word_1_166' title='bbox 60 1112 152 1150; x_wconf 91' lang='lat' dir='ltr'>dissoluta:</span> <span class='ocrx_word' id='word_1_167' title='bbox 167 1113 226 1161; x_wconf 87' lang='lat' dir='ltr'>gravis</span> <span class='ocrx_word' id='word_1_168' title='bbox 240 1121 272 1155; x_wconf 82' lang='lat' dir='ltr'>est,</span> <span class='ocrx_word' id='word_1_169' title='bbox 286 1124 322 1149; x_wconf 90' lang='lat' dir='ltr'>non</span> <span class='ocrx_word' id='word_1_170' title='bbox 336 1112 473 1150; x_wconf 86' lang='lat' dir='ltr'>melancholica:</span> <span class='ocrx_word' id='word_1_171' title='bbox 488 1113 536 1162; x_wconf 88' lang='lat' dir='ltr'>larga</span> <span class='ocrx_word' id='word_1_172' title='bbox 554 1114 571 1150; x_wconf 91' lang='lat' dir='ltr'>in</span> <span class='ocrx_word' id='word_1_173' title='bbox 590 1113 740 1157; x_wconf 80' lang='lat' dir='ltr'>miserationibus,</span> <span class='ocrx_word' id='word_1_174' title='bbox 758 1127 795 1151; x_wconf 91' lang='lat' dir='ltr'>non</span> 
     </span>
    </p>

    <p class='ocr_par' dir='ltr' id='par_1_9' title="bbox 60 1171 795 1283">
     <span class='ocr_line' id='line_1_18' title="bbox 60 1171 795 1222; baseline 0.001 -13"><span class='ocrx_word' id='word_1_175' title='bbox 60 1172 140 1222; x_wconf 87' lang='lat' dir='ltr'>prodiga:</span> <span class='ocrx_word' id='word_1_176' title='bbox 155 1171 230 1208; x_wconf 88' lang='lat' dir='ltr'>infirmis</span> <span class='ocrx_word' id='word_1_177' title='bbox 244 1172 363 1220; x_wconf 80' lang='lat' dir='ltr'>compatiens,</span> <span class='ocrx_word' id='word_1_178' title='bbox 377 1185 414 1210; x_wconf 90' lang='lat' dir='ltr'>non</span> <span class='ocrx_word' id='word_1_179' title='bbox 432 1174 512 1210; x_wconf 89' lang='lat' dir='ltr'>remissa.</span> <span class='ocrx_word' id='word_1_180' title='bbox 529 1172 626 1210; x_wconf 89' lang='lat' dir='ltr'>Humilitas</span> <span class='ocrx_word' id='word_1_181' title='bbox 640 1172 740 1211; x_wconf 88' lang='lat' dir='ltr'>Christiana</span> <span class='ocrx_word' id='word_1_182' title='bbox 757 1174 795 1210; x_wconf 89' lang='lat' dir='ltr'>sine</span> 
     </span>
     <span class='ocr_line' id='line_1_19' title="bbox 60 1232 794 1283; baseline 0 -13"><span class='ocrx_word' id='word_1_183' title='bbox 60 1233 191 1271; x_wconf 89' lang='lat' dir='ltr'>intermissione</span> <span class='ocrx_word' id='word_1_184' title='bbox 204 1234 220 1270; x_wconf 91' lang='lat' dir='ltr'>in</span> <span class='ocrx_word' id='word_1_185' title='bbox 234 1246 296 1270; x_wconf 83' lang='lat' dir='ltr'>autore</span> <span class='ocrx_word' id='word_1_186' title='bbox 309 1233 343 1270; x_wconf 89' lang='lat' dir='ltr'>Dei</span> <span class='ocrx_word' id='word_1_187' title='bbox 357 1234 489 1282; x_wconf 85' lang='lat' dir='ltr'>compungitur,</span> <span class='ocrx_word' id='word_1_188' title='bbox 499 1235 516 1271; x_wconf 90' lang='lat' dir='ltr'>in</span> <span class='ocrx_word' id='word_1_189' title='bbox 530 1233 592 1283; x_wconf 89' lang='lat' dir='ltr'>spiritu</span> <span class='ocrx_word' id='word_1_190' title='bbox 607 1234 708 1272; x_wconf 90' lang='lat' dir='ltr'>devotionis</span> <span class='ocrx_word' id='word_1_191' title='bbox 723 1232 794 1271; x_wconf 81' lang='lat' dir='ltr'>feruens</span> 
     </span>
    </p>

    <p class='ocr_par' dir='ltr' id='par_1_10' title="bbox 59 1292 794 1341">
     <span class='ocr_line' id='line_1_20' title="bbox 59 1292 794 1341; baseline 0 -11"><span class='ocrx_word' id='word_1_192' title='bbox 59 1294 124 1341; x_wconf 86' lang='lat' dir='ltr'>iugiter</span> <span class='ocrx_word' id='word_1_193' title='bbox 136 1292 232 1341; x_wconf 87' lang='lat' dir='ltr'>lachrymis</span> <span class='ocrx_word' id='word_1_194' title='bbox 245 1293 319 1341; x_wconf 87' lang='lat' dir='ltr'>rigatur,</span> <span class='ocrx_word' id='word_1_195' title='bbox 333 1306 385 1329; x_wconf 89' lang='lat' dir='ltr'>suum</span> <span class='ocrx_word' id='word_1_196' title='bbox 400 1293 498 1341; x_wconf 89' lang='lat' dir='ltr'>principem</span> <span class='ocrx_word' id='word_1_197' title='bbox 508 1294 567 1331; x_wconf 86' lang='lat' dir='ltr'>Iesum</span> <span class='ocrx_word' id='word_1_198' title='bbox 577 1292 669 1330; x_wconf 89' lang='lat' dir='ltr'>Christum</span> <span class='ocrx_word' id='word_1_199' title='bbox 678 1292 738 1330; x_wconf 84' lang='lat' dir='ltr'>videre</span> <span class='ocrx_word' id='word_1_200' title='bbox 748 1306 794 1330; x_wconf 88' lang='lat' dir='ltr'>sem-</span> 
     </span>
    </p>

    <p class='ocr_par' dir='ltr' id='par_1_11' title="bbox 59 1351 794 1402">
     <span class='ocr_line' id='line_1_21' title="bbox 59 1351 794 1402; baseline 0.001 -13"><span class='ocrx_word' id='word_1_201' title='bbox 59 1365 89 1402; x_wconf 91' lang='lat' dir='ltr'>per</span> <span class='ocrx_word' id='word_1_202' title='bbox 103 1351 197 1396; x_wconf 80' lang='lat' dir='ltr'>desiderat,</span> <span class='ocrx_word' id='word_1_203' title='bbox 211 1353 260 1389; x_wconf 86' lang='lat' dir='ltr'>cuius</span> <span class='ocrx_word' id='word_1_204' title='bbox 279 1353 348 1389; x_wconf 84' lang='lat' dir='ltr'>monita</span> <span class='ocrx_word' id='word_1_205' title='bbox 365 1365 441 1402; x_wconf 89' lang='lat' dir='ltr'>sequens</span> <span class='ocrx_word' id='word_1_206' title='bbox 459 1354 477 1389; x_wconf 92' lang='lat' dir='ltr'>in</span> <span class='ocrx_word' id='word_1_207' title='bbox 492 1354 562 1401; x_wconf 83' lang='lat' dir='ltr'>spiritu,</span> <span class='ocrx_word' id='word_1_208' title='bbox 576 1366 617 1401; x_wconf 87' lang='lat' dir='ltr'>prae</span> <span class='ocrx_word' id='word_1_209' title='bbox 631 1353 693 1390; x_wconf 88' lang='lat' dir='ltr'>dolore</span> <span class='ocrx_word' id='word_1_210' title='bbox 710 1353 794 1401; x_wconf 88' lang='lat' dir='ltr'>suspirat.</span> 
     </span>
    </p>

    <p class='ocr_par' dir='ltr' id='par_1_12' title="bbox 58 1411 849 1520">
     <span class='ocr_line' id='line_1_22' title="bbox 59 1411 794 1461; baseline 0 -13"><span class='ocrx_word' id='word_1_211' title='bbox 59 1411 113 1448; x_wconf 90' lang='lat' dir='ltr'>Dolet</span> <span class='ocrx_word' id='word_1_212' title='bbox 126 1412 172 1447; x_wconf 90' lang='lat' dir='ltr'>enim</span> <span class='ocrx_word' id='word_1_213' title='bbox 186 1424 204 1448; x_wconf 92' lang='lat' dir='ltr'>se</span> <span class='ocrx_word' id='word_1_214' title='bbox 218 1415 336 1460; x_wconf 87' lang='lat' dir='ltr'>peccatorem,</span> <span class='ocrx_word' id='word_1_215' title='bbox 351 1413 452 1461; x_wconf 91' lang='lat' dir='ltr'>quicunque</span> <span class='ocrx_word' id='word_1_216' title='bbox 462 1412 581 1449; x_wconf 87' lang='lat' dir='ltr'>humilitatem</span> <span class='ocrx_word' id='word_1_217' title='bbox 591 1414 652 1449; x_wconf 84' lang='lat' dir='ltr'>veram</span> <span class='ocrx_word' id='word_1_218' title='bbox 662 1412 794 1460; x_wconf 87' lang='lat' dir='ltr'>complectitur;</span> 
     </span>
     <span class='ocr_line' id='line_1_23' title="bbox 58 1466 849 1520; baseline -0.001 -13"><span class='ocrx_word' id='word_1_219' title='bbox 58 1470 160 1519; x_wconf 89' lang='lat' dir='ltr'>ingemiscit</span> <span class='ocrx_word' id='word_1_220' title='bbox 173 1483 191 1506; x_wconf 89' lang='lat' dir='ltr'>se</span> <span class='ocrx_word' id='word_1_221' title='bbox 208 1483 244 1507; x_wconf 89' lang='lat' dir='ltr'>non</span> <span class='ocrx_word' id='word_1_222' title='bbox 262 1483 314 1517; x_wconf 91' lang='lat' dir='ltr'>posse</span> <span class='ocrx_word' id='word_1_223' title='bbox 331 1480 401 1508; x_wconf 90' lang='lat' dir='ltr'>tanturn</span> <span class='ocrx_word' id='word_1_224' title='bbox 419 1470 515 1518; x_wconf 89' lang='lat' dir='ltr'>proficere,</span> <span class='ocrx_word' id='word_1_225' title='bbox 534 1481 619 1520; x_wconf 89' lang='lat' dir='ltr'>quantum</span> <span class='ocrx_word' id='word_1_226' title='bbox 638 1466 695 1520; x_wconf 74' lang='lat' dir='ltr'>cupit,</span> <span class='ocrx_word' id='word_1_227' title='bbox 713 1471 794 1520; x_wconf 85' lang='lat' dir='ltr'>quisquis</span> <span class='ocrx_word' id='word_1_228' title='bbox 847 1515 849 1517; x_wconf 66' lang='lat'>‚</span> 
     </span>
    </p>

    <p class='ocr_par' dir='ltr' id='par_1_13' title="bbox 58 1528 794 1578">
     <span class='ocr_line' id='line_1_24' title="bbox 58 1528 794 1578; baseline -0.001 -11"><span class='ocrx_word' id='word_1_229' title='bbox 58 1530 91 1567; x_wconf 90' lang='lat' dir='ltr'>Dei</span> <span class='ocrx_word' id='word_1_230' title='bbox 104 1528 161 1566; x_wconf 87' lang='lat' dir='ltr'>filiurn</span> <span class='ocrx_word' id='word_1_231' title='bbox 174 1530 258 1566; x_wconf 89' lang='lat' dir='ltr'>imitatur.</span> <span class='ocrx_word' id='word_1_232' title='bbox 273 1529 323 1566; x_wconf 90' lang='lat' dir='ltr'>Nihil</span> <span class='ocrx_word' id='word_1_233' title='bbox 337 1530 451 1567; x_wconf 83' lang='lat' dir='ltr'>excellentius</span> <span class='ocrx_word' id='word_1_234' title='bbox 465 1530 565 1567; x_wconf 85' lang='lat' dir='ltr'>humilitate</span> <span class='ocrx_word' id='word_1_235' title='bbox 575 1530 681 1574; x_wconf 89' lang='lat' dir='ltr'>Christiana,</span> <span class='ocrx_word' id='word_1_236' title='bbox 691 1529 736 1567; x_wconf 91' lang='lat' dir='ltr'>nihil</span> <span class='ocrx_word' id='word_1_237' title='bbox 745 1542 794 1578; x_wconf 87' lang='lat' dir='ltr'>prae·</span> 
     </span>
    </p>

    <p class='ocr_par' dir='ltr' id='par_1_14' title="bbox 31 1589 793 1696">
     <span class='ocr_line' id='line_1_25' title="bbox 31 1589 792 1640; baseline 0 -15"><span class='ocrx_word' id='word_1_238' title='bbox 31 1621 33 1625; x_wconf 79' lang='grc'>,</span> <span class='ocrx_word' id='word_1_239' title='bbox 58 1589 121 1626; x_wconf 90' lang='lat' dir='ltr'>clarius</span> <span class='ocrx_word' id='word_1_240' title='bbox 135 1589 238 1638; x_wconf 81' lang='lat' dir='ltr'>cognitione</span> <span class='ocrx_word' id='word_1_241' title='bbox 251 1590 329 1637; x_wconf 88' lang='lat' dir='ltr'>propria,</span> <span class='ocrx_word' id='word_1_242' title='bbox 343 1602 387 1638; x_wconf 88' lang='lat' dir='ltr'>quae</span> <span class='ocrx_word' id='word_1_243' title='bbox 398 1601 469 1638; x_wconf 89' lang='lat' dir='ltr'>semper</span> <span class='ocrx_word' id='word_1_244' title='bbox 478 1589 496 1626; x_wconf 91' lang='lat' dir='ltr'>in</span> <span class='ocrx_word' id='word_1_245' title='bbox 506 1590 618 1626; x_wconf 88' lang='lat' dir='ltr'>eminentiori</span> <span class='ocrx_word' id='word_1_246' title='bbox 631 1590 687 1640; x_wconf 86' lang='lat' dir='ltr'>posita</span> <span class='ocrx_word' id='word_1_247' title='bbox 701 1601 792 1637; x_wconf 89' lang='lat' dir='ltr'>nunquam</span> 
     </span>
     <span class='ocr_line' id='line_1_26' title="bbox 58 1647 793 1696; baseline -0.003 -10"><span class='ocrx_word' id='word_1_248' title='bbox 58 1648 154 1686; x_wconf 83' lang='lat' dir='ltr'>extollitur:</span> <span class='ocrx_word' id='word_1_249' title='bbox 170 1658 187 1685; x_wconf 89' lang='lat' dir='ltr'>et</span> <span class='ocrx_word' id='word_1_250' title='bbox 200 1648 279 1685; x_wconf 86' lang='lat' dir='ltr'>subiecta</span> <span class='ocrx_word' id='word_1_251' title='bbox 293 1647 376 1685; x_wconf 88' lang='lat' dir='ltr'>omnibus</span> <span class='ocrx_word' id='word_1_252' title='bbox 390 1648 478 1685; x_wconf 90' lang='lat' dir='ltr'>universis</span> <span class='ocrx_word' id='word_1_253' title='bbox 492 1648 599 1686; x_wconf 82' lang='lat' dir='ltr'>dominatur.</span> <span class='ocrx_word' id='word_1_254' title='bbox 613 1648 650 1692; x_wconf 85' lang='lat' dir='ltr'>Qui</span> <span class='ocrx_word' id='word_1_255' title='bbox 666 1649 713 1685; x_wconf 89' lang='lat' dir='ltr'>enim</span> <span class='ocrx_word' id='word_1_256' title='bbox 728 1661 793 1696; x_wconf 87' lang='lat' dir='ltr'>parvus</span> 
     </span>
    </p>

    <p class='ocr_par' dir='ltr' id='par_1_15' title="bbox 58 1707 792 1756">
     <span class='ocr_line' id='line_1_27' title="bbox 58 1707 792 1756; baseline -0.003 -11"><span class='ocrx_word' id='word_1_257' title='bbox 58 1719 84 1745; x_wconf 88' lang='lat' dir='ltr'>est</span> <span class='ocrx_word' id='word_1_258' title='bbox 98 1708 116 1743; x_wconf 93' lang='lat' dir='ltr'>in</span> <span class='ocrx_word' id='word_1_259' title='bbox 129 1707 185 1744; x_wconf 90' lang='lat' dir='ltr'>oculis</span> <span class='ocrx_word' id='word_1_260' title='bbox 199 1708 242 1753; x_wconf 89' lang='lat' dir='ltr'>suis,</span> <span class='ocrx_word' id='word_1_261' title='bbox 256 1720 332 1756; x_wconf 89' lang='lat' dir='ltr'>magnus</span> <span class='ocrx_word' id='word_1_262' title='bbox 351 1721 410 1744; x_wconf 85' lang='lat' dir='ltr'>coram</span> <span class='ocrx_word' id='word_1_263' title='bbox 429 1708 469 1744; x_wconf 91' lang='lat' dir='ltr'>Deo</span> <span class='ocrx_word' id='word_1_264' title='bbox 487 1708 570 1745; x_wconf 89' lang='lat' dir='ltr'>efficitur:</span> <span class='ocrx_word' id='word_1_265' title='bbox 589 1718 606 1744; x_wconf 92' lang='lat' dir='ltr'>et</span> <span class='ocrx_word' id='word_1_266' title='bbox 623 1708 653 1756; x_wconf 91' lang='lat' dir='ltr'>qui</span> <span class='ocrx_word' id='word_1_267' title='bbox 670 1720 689 1744; x_wconf 92' lang='lat' dir='ltr'>se</span> <span class='ocrx_word' id='word_1_268' title='bbox 706 1719 792 1756; x_wconf 84' lang='lat' dir='ltr'>magnum</span> 
     </span>
    </p>

    <p class='ocr_par' dir='ltr' id='par_1_16' title="bbox 58 1764 793 1816">
     <span class='ocr_line' id='line_1_28' title="bbox 58 1764 793 1816; baseline -0.004 -12"><span class='ocrx_word' id='word_1_269' title='bbox 58 1764 123 1816; x_wconf 86' lang='lat' dir='ltr'>aliquid</span> <span class='ocrx_word' id='word_1_270' title='bbox 137 1779 174 1803; x_wconf 88' lang='lat' dir='ltr'>esse</span> <span class='ocrx_word' id='word_1_271' title='bbox 187 1767 205 1803; x_wconf 93' lang='lat' dir='ltr'>in</span> <span class='ocrx_word' id='word_1_272' title='bbox 219 1766 253 1803; x_wconf 93' lang='lat' dir='ltr'>hoc</span> <span class='ocrx_word' id='word_1_273' title='bbox 267 1765 334 1803; x_wconf 89' lang='lat' dir='ltr'>mundo</span> <span class='ocrx_word' id='word_1_274' title='bbox 348 1767 443 1810; x_wconf 82' lang='lat' dir='ltr'>existimat,</span> <span class='ocrx_word' id='word_1_275' title='bbox 458 1779 518 1803; x_wconf 89' lang='lat' dir='ltr'>coram</span> <span class='ocrx_word' id='word_1_276' title='bbox 532 1767 571 1803; x_wconf 90' lang='lat' dir='ltr'>Deo</span> <span class='ocrx_word' id='word_1_277' title='bbox 584 1765 649 1802; x_wconf 87' lang='lat' dir='ltr'>nullius</span> <span class='ocrx_word' id='word_1_278' title='bbox 664 1766 753 1802; x_wconf 88' lang='lat' dir='ltr'>momenti</span> <span class='ocrx_word' id='word_1_279' title='bbox 767 1765 793 1801; x_wconf 95' lang='lat' dir='ltr'>iu-</span> 
     </span>
    </p>

    <p class='ocr_par' dir='ltr' id='par_1_17' title="bbox 8 1825 792 1875">
     <span class='ocr_line' id='line_1_29' title="bbox 8 1825 792 1875; baseline -0.005 -11"><span class='ocrx_word' id='word_1_280' title='bbox 8 1868 9 1871; x_wconf 22' lang='lat'>,</span> <span class='ocrx_word' id='word_1_281' title='bbox 58 1827 131 1864; x_wconf 82' lang='lat' dir='ltr'>dicatur.</span> <span class='ocrx_word' id='word_1_282' title='bbox 148 1825 194 1863; x_wconf 87' lang='lat' dir='ltr'>Nam</span> <span class='ocrx_word' id='word_1_283' title='bbox 211 1834 261 1861; x_wconf 89' lang='lat' dir='ltr'>tanto</span> <span class='ocrx_word' id='word_1_284' title='bbox 280 1825 312 1861; x_wconf 93' lang='lat' dir='ltr'>erit</span> <span class='ocrx_word' id='word_1_285' title='bbox 329 1826 405 1875; x_wconf 88' lang='lat' dir='ltr'>quisque</span> <span class='ocrx_word' id='word_1_286' title='bbox 422 1825 469 1874; x_wconf 90' lang='lat' dir='ltr'>apud</span> <span class='ocrx_word' id='word_1_287' title='bbox 486 1827 576 1862; x_wconf 88' lang='lat' dir='ltr'>internum</span> <span class='ocrx_word' id='word_1_288' title='bbox 593 1825 670 1862; x_wconf 90' lang='lat' dir='ltr'>iudicem</span> <span class='ocrx_word' id='word_1_289' title='bbox 688 1825 792 1873; x_wconf 89' lang='lat' dir='ltr'>preciosior,</span> 
     </span>
    </p>

    <p class='ocr_par' dir='ltr' id='par_1_18' title="bbox 57 1883 792 1994">
     <span class='ocr_line' id='line_1_30' title="bbox 58 1883 792 1935; baseline -0.004 -12"><span class='ocrx_word' id='word_1_290' title='bbox 58 1894 123 1935; x_wconf 88' lang='lat' dir='ltr'>quanto</span> <span class='ocrx_word' id='word_1_291' title='bbox 137 1883 268 1929; x_wconf 88' lang='lat' dir='ltr'>benefaciens,</span> <span class='ocrx_word' id='word_1_292' title='bbox 283 1893 300 1920; x_wconf 89' lang='lat' dir='ltr'>et</span> <span class='ocrx_word' id='word_1_293' title='bbox 313 1898 404 1933; x_wconf 89' lang='lat' dir='ltr'>nunquam</span> <span class='ocrx_word' id='word_1_294' title='bbox 418 1884 508 1929; x_wconf 84' lang='lat' dir='ltr'>deficiens,</span> <span class='ocrx_word' id='word_1_295' title='bbox 522 1884 575 1921; x_wconf 84' lang='lat' dir='ltr'>fuerit</span> <span class='ocrx_word' id='word_1_296' title='bbox 589 1886 607 1922; x_wconf 91' lang='lat' dir='ltr'>in</span> <span class='ocrx_word' id='word_1_297' title='bbox 622 1884 747 1921; x_wconf 81' lang='lat' dir='ltr'>aestimatione</span> <span class='ocrx_word' id='word_1_298' title='bbox 761 1897 792 1920; x_wconf 90' lang='lat' dir='ltr'>sua</span> 
     </span>
     <span class='ocr_line' id='line_1_31' title="bbox 57 1942 790 1994; baseline -0.004 -13"><span class='ocrx_word' id='word_1_299' title='bbox 57 1944 164 1994; x_wconf 88' lang='lat' dir='ltr'>despectior.</span> <span class='ocrx_word' id='word_1_300' title='bbox 178 1943 273 1980; x_wconf 90' lang='lat' dir='ltr'>Humilitas</span> <span class='ocrx_word' id='word_1_301' title='bbox 287 1944 335 1979; x_wconf 87' lang='lat' dir='ltr'>enim</span> <span class='ocrx_word' id='word_1_302' title='bbox 348 1942 412 1980; x_wconf 87' lang='lat' dir='ltr'>stabile</span> <span class='ocrx_word' id='word_1_303' title='bbox 421 1942 558 1981; x_wconf 89' lang='lat' dir='ltr'>fundamentum</span> <span class='ocrx_word' id='word_1_304' title='bbox 569 1953 594 1980; x_wconf 91' lang='lat' dir='ltr'>est</span> <span class='ocrx_word' id='word_1_305' title='bbox 604 1944 686 1980; x_wconf 91' lang='lat' dir='ltr'>omnium</span> <span class='ocrx_word' id='word_1_306' title='bbox 695 1944 790 1989; x_wconf 89' lang='lat' dir='ltr'>virtutum,</span> 
     </span>
    </p>

    <p class='ocr_par' dir='ltr' id='par_1_19' title="bbox 58 2002 792 2054">
     <span class='ocr_line' id='line_1_32' title="bbox 58 2002 792 2054; baseline -0.003 -14"><span class='ocrx_word' id='word_1_307' title='bbox 58 2004 141 2054; x_wconf 87' lang='lat' dir='ltr'>quoniam</span> <span class='ocrx_word' id='word_1_308' title='bbox 154 2016 208 2040; x_wconf 91' lang='lat' dir='ltr'>ornne</span> <span class='ocrx_word' id='word_1_309' title='bbox 221 2002 312 2052; x_wconf 88' lang='lat' dir='ltr'>spirituale</span> <span class='ocrx_word' id='word_1_310' title='bbox 325 2002 435 2047; x_wconf 86' lang='lat' dir='ltr'>aedificium,</span> <span class='ocrx_word' id='word_1_311' title='bbox 453 2003 501 2051; x_wconf 90' lang='lat' dir='ltr'>quod</span> <span class='ocrx_word' id='word_1_312' title='bbox 519 2004 537 2039; x_wconf 90' lang='lat' dir='ltr'>in</span> <span class='ocrx_word' id='word_1_313' title='bbox 555 2003 609 2039; x_wconf 90' lang='lat' dir='ltr'>altum</span> <span class='ocrx_word' id='word_1_314' title='bbox 628 2002 740 2040; x_wconf 88' lang='lat' dir='ltr'>Christianae</span> <span class='ocrx_word' id='word_1_315' title='bbox 753 2015 792 2050; x_wconf 90' lang='lat' dir='ltr'>per·</span> 
     </span>
    </p>

    <p class='ocr_par' dir='ltr' id='par_1_20' title="bbox 57 2060 791 2111">
     <span class='ocr_line' id='line_1_33' title="bbox 57 2060 791 2111; baseline -0.004 -11"><span class='ocrx_word' id='word_1_316' title='bbox 57 2063 139 2100; x_wconf 84' lang='lat' dir='ltr'>fectionis</span> <span class='ocrx_word' id='word_1_317' title='bbox 153 2063 232 2111; x_wconf 88' lang='lat' dir='ltr'>erigitur,</span> <span class='ocrx_word' id='word_1_318' title='bbox 245 2060 283 2098; x_wconf 90' lang='lat' dir='ltr'>sola</span> <span class='ocrx_word' id='word_1_319' title='bbox 296 2060 403 2098; x_wconf 86' lang='lat' dir='ltr'>humilitatis</span> <span class='ocrx_word' id='word_1_320' title='bbox 417 2071 466 2110; x_wconf 91' lang='lat' dir='ltr'>petra</span> <span class='ocrx_word' id='word_1_321' title='bbox 479 2063 584 2099; x_wconf 84' lang='lat' dir='ltr'>sustinetur.</span> <span class='ocrx_word' id='word_1_322' title='bbox 599 2062 707 2103; x_wconf 85' lang='lat' dir='ltr'>Enimvero¹</span> <span class='ocrx_word' id='word_1_323' title='bbox 723 2061 737 2097; x_wconf 96' lang='lat' dir='ltr'>si</span> <span class='ocrx_word' id='word_1_324' title='bbox 750 2073 791 2097; x_wconf 80' lang='lat' dir='ltr'>vera</span> 
     </span>
    </p>

    <p class='ocr_par' dir='ltr' id='par_1_21' title="bbox 57 2119 790 2170">
     <span class='ocr_line' id='line_1_34' title="bbox 57 2119 790 2170; baseline -0.004 -11"><span class='ocrx_word' id='word_1_325' title='bbox 57 2123 102 2160; x_wconf 80' lang='lat' dir='ltr'>&lt;lesit</span> <span class='ocrx_word' id='word_1_326' title='bbox 114 2121 211 2167; x_wconf 82' lang='lat' dir='ltr'>humilitas,</span> <span class='ocrx_word' id='word_1_327' title='bbox 223 2119 268 2158; x_wconf 86' lang='lat' dir='ltr'>nihil</span> <span class='ocrx_word' id='word_1_328' title='bbox 281 2121 314 2156; x_wconf 89' lang='lat' dir='ltr'>erit</span> <span class='ocrx_word' id='word_1_329' title='bbox 327 2119 375 2157; x_wconf 90' lang='lat' dir='ltr'>aliud</span> <span class='ocrx_word' id='word_1_330' title='bbox 389 2121 477 2157; x_wconf 82' lang='lat' dir='ltr'>virtutum</span> <span class='ocrx_word' id='word_1_331' title='bbox 487 2131 594 2157; x_wconf 82' lang='lat' dir='ltr'>caeterarum</span> <span class='ocrx_word' id='word_1_332' title='bbox 605 2121 727 2170; x_wconf 89' lang='lat' dir='ltr'>congregatio,</span> <span class='ocrx_word' id='word_1_333' title='bbox 737 2133 790 2169; x_wconf 88' lang='lat' dir='ltr'>quam</span> 
     </span>
    </p>

    <p class='ocr_par' dir='ltr' id='par_1_22' title="bbox 57 2177 791 2229">
     <span class='ocr_line' id='line_1_35' title="bbox 57 2177 791 2229; baseline -0.004 -11"><span class='ocrx_word' id='word_1_334' title='bbox 57 2182 107 2218; x_wconf 88' lang='lat' dir='ltr'>ruina</span> <span class='ocrx_word' id='word_1_335' title='bbox 119 2180 205 2229; x_wconf 90' lang='lat' dir='ltr'>quaedam</span> <span class='ocrx_word' id='word_1_336' title='bbox 219 2189 331 2217; x_wconf 90' lang='lat' dir='ltr'>constructae</span> <span class='ocrx_word' id='word_1_337' title='bbox 344 2180 381 2216; x_wconf 91' lang='lat' dir='ltr'>sine</span> <span class='ocrx_word' id='word_1_338' title='bbox 394 2177 512 2217; x_wconf 86' lang='lat' dir='ltr'>fundamento</span> <span class='ocrx_word' id='word_1_339' title='bbox 526 2181 543 2217; x_wconf 90' lang='lat' dir='ltr'>in</span> <span class='ocrx_word' id='word_1_340' title='bbox 558 2178 618 2216; x_wconf 88' lang='lat' dir='ltr'>sabulo</span> <span class='ocrx_word' id='word_1_341' title='bbox 632 2179 703 2216; x_wconf 89' lang='lat' dir='ltr'>domus.</span> <span class='ocrx_word' id='word_1_342' title='bbox 719 2180 739 2215; x_wconf 82' lang='lat' dir='ltr'>in</span> <span class='ocrx_word' id='word_1_343' title='bbox 753 2180 791 2228; x_wconf 90' lang='lat' dir='ltr'>spi-</span> 
     </span>
    </p>

    <p class='ocr_par' dir='ltr' id='par_1_23' title="bbox 57 2236 791 2289">
     <span class='ocr_line' id='line_1_36' title="bbox 57 2236 791 2289; baseline -0.003 -12"><span class='ocrx_word' id='word_1_344' title='bbox 57 2239 116 2277; x_wconf 89' lang='lat' dir='ltr'>rituali</span> <span class='ocrx_word' id='word_1_345' title='bbox 129 2239 216 2289; x_wconf 86' lang='lat' dir='ltr'>siquidem</span> <span class='ocrx_word' id='word_1_346' title='bbox 229 2237 311 2276; x_wconf 86' lang='lat' dir='ltr'>aedificio</span> <span class='ocrx_word' id='word_1_347' title='bbox 325 2236 463 2275; x_wconf 85' lang='lat' dir='ltr'>fundamentum</span> <span class='ocrx_word' id='word_1_348' title='bbox 476 2237 538 2275; x_wconf 86' lang='lat' dir='ltr'>stabile</span> <span class='ocrx_word' id='word_1_349' title='bbox 551 2239 602 2288; x_wconf 89' lang='lat' dir='ltr'>ponit</span> <span class='ocrx_word' id='word_1_350' title='bbox 617 2239 716 2284; x_wconf 85' lang='lat' dir='ltr'>humilitas,</span> <span class='ocrx_word' id='word_1_351' title='bbox 731 2239 791 2275; x_wconf 88' lang='lat' dir='ltr'>latitu-</span> 
     </span>
    </p>

    <p class='ocr_par' dir='ltr' id='par_1_24' title="bbox 57 2297 792 2347">
     <span class='ocr_line' id='line_1_37' title="bbox 57 2297 792 2347; baseline -0.001 -11"><span class='ocrx_word' id='word_1_352' title='bbox 57 2299 115 2337; x_wconf 92' lang='lat' dir='ltr'>dinem</span> <span class='ocrx_word' id='word_1_353' title='bbox 129 2312 171 2336; x_wconf 78' lang='lat' dir='ltr'>uero</span> <span class='ocrx_word' id='word_1_354' title='bbox 185 2299 240 2347; x_wconf 88' lang='lat' dir='ltr'>ipsius</span> <span class='ocrx_word' id='word_1_355' title='bbox 250 2297 314 2335; x_wconf 90' lang='lat' dir='ltr'>domus</span> <span class='ocrx_word' id='word_1_356' title='bbox 324 2297 395 2335; x_wconf 89' lang='lat' dir='ltr'>ordinat</span> <span class='ocrx_word' id='word_1_357' title='bbox 405 2299 487 2343; x_wconf 87' lang='lat' dir='ltr'>charitas,</span> <span class='ocrx_word' id='word_1_358' title='bbox 499 2299 516 2335; x_wconf 93' lang='lat' dir='ltr'>in</span> <span class='ocrx_word' id='word_1_359' title='bbox 526 2298 581 2335; x_wconf 89' lang='lat' dir='ltr'>altum</span> <span class='ocrx_word' id='word_1_360' title='bbox 590 2299 647 2347; x_wconf 90' lang='lat' dir='ltr'>paries</span> <span class='ocrx_word' id='word_1_361' title='bbox 657 2299 792 2336; x_wconf 88' lang='lat' dir='ltr'>continuatione</span> 
     </span>
    </p>

    <p class='ocr_par' dir='ltr' id='par_1_25' title="bbox 57 2356 791 2407">
     <span class='ocr_line' id='line_1_38' title="bbox 57 2356 791 2407; baseline -0.001 -12"><span class='ocrx_word' id='word_1_362' title='bbox 57 2357 145 2395; x_wconf 87' lang='lat' dir='ltr'>bonorum</span> <span class='ocrx_word' id='word_1_363' title='bbox 159 2370 233 2405; x_wconf 88' lang='lat' dir='ltr'>operum</span> <span class='ocrx_word' id='word_1_364' title='bbox 247 2358 265 2393; x_wconf 93' lang='lat' dir='ltr'>in</span> <span class='ocrx_word' id='word_1_365' title='bbox 278 2356 348 2393; x_wconf 84' lang='lat' dir='ltr'>fervore</span> <span class='ocrx_word' id='word_1_366' title='bbox 365 2357 438 2405; x_wconf 88' lang='lat' dir='ltr'>spiritus</span> <span class='ocrx_word' id='word_1_367' title='bbox 456 2358 540 2407; x_wconf 88' lang='lat' dir='ltr'>erigitur,</span> <span class='ocrx_word' id='word_1_368' title='bbox 557 2358 575 2394; x_wconf 93' lang='lat' dir='ltr'>in</span> <span class='ocrx_word' id='word_1_369' title='bbox 592 2358 627 2395; x_wconf 90' lang='lat' dir='ltr'>fide</span> <span class='ocrx_word' id='word_1_370' title='bbox 643 2358 717 2395; x_wconf 89' lang='lat' dir='ltr'>Domini</span> <span class='ocrx_word' id='word_1_371' title='bbox 735 2360 791 2394; x_wconf 88' lang='lat' dir='ltr'>nostri</span> 
     </span>
    </p>

    <p class='ocr_par' dir='ltr' id='par_1_26' title="bbox 56 2415 791 2466">
     <span class='ocr_line' id='line_1_39' title="bbox 56 2415 791 2466; baseline 0 -12"><span class='ocrx_word' id='word_1_372' title='bbox 56 2418 96 2454; x_wconf 85' lang='lat' dir='ltr'>Iesu</span> <span class='ocrx_word' id='word_1_373' title='bbox 109 2416 183 2462; x_wconf 87' lang='lat' dir='ltr'>Christi,</span> <span class='ocrx_word' id='word_1_374' title='bbox 198 2426 215 2453; x_wconf 91' lang='lat' dir='ltr'>et</span> <span class='ocrx_word' id='word_1_375' title='bbox 228 2430 258 2465; x_wconf 91' lang='lat' dir='ltr'>spe</span> <span class='ocrx_word' id='word_1_376' title='bbox 271 2415 322 2453; x_wconf 89' lang='lat' dir='ltr'>firma</span> <span class='ocrx_word' id='word_1_377' title='bbox 336 2416 461 2464; x_wconf 88' lang='lat' dir='ltr'>promissionis</span> <span class='ocrx_word' id='word_1_378' title='bbox 476 2427 557 2454; x_wconf 88' lang='lat' dir='ltr'>aeternae</span> <span class='ocrx_word' id='word_1_379' title='bbox 571 2418 696 2466; x_wconf 87' lang='lat' dir='ltr'>protectionis,</span> <span class='ocrx_word' id='word_1_380' title='bbox 710 2428 727 2453; x_wconf 88' lang='lat' dir='ltr'>et</span> <span class='ocrx_word' id='word_1_381' title='bbox 740 2417 791 2454; x_wconf 85' lang='lat' dir='ltr'>foeli-</span> 
     </span>
    </p>

    <p class='ocr_par' dir='ltr' id='par_1_27' title="bbox 57 2473 791 2525">
     <span class='ocr_line' id='line_1_40' title="bbox 57 2473 791 2525; baseline -0.001 -12"><span class='ocrx_word' id='word_1_382' title='bbox 57 2476 114 2513; x_wconf 86' lang='lat' dir='ltr'>citatis</span> <span class='ocrx_word' id='word_1_383' title='bbox 127 2485 194 2512; x_wconf 89' lang='lat' dir='ltr'>tectum</span> <span class='ocrx_word' id='word_1_384' title='bbox 208 2477 225 2513; x_wconf 90' lang='lat' dir='ltr'>in</span> <span class='ocrx_word' id='word_1_385' title='bbox 239 2476 305 2512; x_wconf 83' lang='lat' dir='ltr'>vertice</span> <span class='ocrx_word' id='word_1_386' title='bbox 319 2474 427 2521; x_wconf 90' lang='lat' dir='ltr'>collocatur,</span> <span class='ocrx_word' id='word_1_387' title='bbox 444 2486 460 2512; x_wconf 93' lang='lat' dir='ltr'>et</span> <span class='ocrx_word' id='word_1_388' title='bbox 474 2475 568 2525; x_wconf 88' lang='lat' dir='ltr'>longitudo</span> <span class='ocrx_word' id='word_1_389' title='bbox 582 2477 600 2513; x_wconf 91' lang='lat' dir='ltr'>in</span> <span class='ocrx_word' id='word_1_390' title='bbox 612 2473 748 2525; x_wconf 85' lang='lat' dir='ltr'>longanimitate</span> <span class='ocrx_word' id='word_1_391' title='bbox 761 2489 791 2524; x_wconf 91' lang='lat' dir='ltr'>pa-</span> 
     </span>
    </p>

    <p class='ocr_par' dir='ltr' id='par_1_28' title="bbox 56 2535 791 2586">
     <span class='ocr_line' id='line_1_41' title="bbox 56 2535 791 2586; baseline 0 -12"><span class='ocrx_word' id='word_1_392' title='bbox 56 2537 127 2575; x_wconf 88' lang='lat' dir='ltr'>tientiae</span> <span class='ocrx_word' id='word_1_393' title='bbox 141 2535 259 2586; x_wconf 88' lang='lat' dir='ltr'>pulcherrima</span> <span class='ocrx_word' id='word_1_394' title='bbox 272 2535 384 2573; x_wconf 86' lang='lat' dir='ltr'>ordinatione</span> <span class='ocrx_word' id='word_1_395' title='bbox 398 2535 505 2585; x_wconf 85' lang='lat' dir='ltr'>disponitur.</span> <span class='ocrx_word' id='word_1_396' title='bbox 518 2537 577 2583; x_wconf 91' lang='lat' dir='ltr'>Unde,</span> <span class='ocrx_word' id='word_1_397' title='bbox 586 2536 649 2574; x_wconf 84' lang='lat' dir='ltr'>fratres</span> <span class='ocrx_word' id='word_1_398' title='bbox 663 2539 703 2581; x_wconf 88' lang='lat' dir='ltr'>mei,</span> <span class='ocrx_word' id='word_1_399' title='bbox 713 2550 746 2574; x_wconf 87' lang='lat' dir='ltr'>vos</span> <span class='ocrx_word' id='word_1_400' title='bbox 760 2538 791 2574; x_wconf 93' lang='lat' dir='ltr'>ite-</span> 
     </span>
    </p>

    <p class='ocr_par' dir='ltr' id='par_1_29' title="bbox 57 2594 791 2644">
     <span class='ocr_line' id='line_1_42' title="bbox 57 2594 791 2644; baseline 0 -12"><span class='ocrx_word' id='word_1_401' title='bbox 57 2608 96 2632; x_wconf 90' lang='lat' dir='ltr'>rum</span> <span class='ocrx_word' id='word_1_402' title='bbox 116 2604 168 2643; x_wconf 85' lang='lat' dir='ltr'>atque</span> <span class='ocrx_word' id='word_1_403' title='bbox 187 2594 252 2631; x_wconf 89' lang='lat' dir='ltr'>iterum</span> <span class='ocrx_word' id='word_1_404' title='bbox 272 2606 349 2640; x_wconf 90' lang='lat' dir='ltr'>moneo,</span> <span class='ocrx_word' id='word_1_405' title='bbox 370 2602 469 2640; x_wconf 88' lang='lat' dir='ltr'>contestor,</span> <span class='ocrx_word' id='word_1_406' title='bbox 490 2605 507 2632; x_wconf 88' lang='lat' dir='ltr'>et</span> <span class='ocrx_word' id='word_1_407' title='bbox 525 2608 567 2639; x_wconf 70' lang='lat' dir='ltr'>oro,</span> <span class='ocrx_word' id='word_1_408' title='bbox 585 2604 672 2644; x_wconf 89' lang='lat' dir='ltr'>quatenus</span> <span class='ocrx_word' id='word_1_409' title='bbox 690 2595 791 2632; x_wconf 83' lang='lat' dir='ltr'>aedilicium</span> 
     </span>
    </p>
   </div>
   <div class='ocr_carea' id='block_1_3' title="bbox 56 2653 790 2705">
    <p class='ocr_par' dir='ltr' id='par_1_30' title="bbox 56 2653 790 2705">
     <span class='ocr_line' id='line_1_43' title="bbox 56 2653 790 2705; baseline -0.001 -13"><span class='ocrx_word' id='word_1_410' title='bbox 56 2654 152 2705; x_wconf 88' lang='lat' dir='ltr'>spiritualis</span> <span class='ocrx_word' id='word_1_411' title='bbox 166 2654 296 2691; x_wconf 82' lang='lat' dir='ltr'>exercitationis</span> <span class='ocrx_word' id='word_1_412' title='bbox 309 2653 327 2690; x_wconf 86' lang='lat' dir='ltr'>in</span> <span class='ocrx_word' id='word_1_413' title='bbox 345 2653 452 2690; x_wconf 87' lang='lat' dir='ltr'>humilitatis</span> <span class='ocrx_word' id='word_1_414' title='bbox 469 2655 506 2692; x_wconf 89' lang='lat' dir='ltr'>imo</span> <span class='ocrx_word' id='word_1_415' title='bbox 524 2653 597 2692; x_wconf 86' lang='lat' dir='ltr'>fundare</span> <span class='ocrx_word' id='word_1_416' title='bbox 615 2655 687 2698; x_wconf 89' lang='lat' dir='ltr'>curetis,</span> <span class='ocrx_word' id='word_1_417' title='bbox 705 2655 790 2704; x_wconf 90' lang='lat' dir='ltr'>quoniam</span> 
     </span>
    </p>
   </div>
   <div class='ocr_carea' id='block_1_4' title="bbox 0 0 988 3023">
    <p class='ocr_par' dir='ltr' id='par_1_31' title="bbox 0 0 988 3023">
     <span class='ocr_line' id='line_1_44' title="bbox 0 0 988 3023; baseline 0 1"><span class='ocrx_word' id='word_1_418' title='bbox 0 0 988 3023; x_wconf 95' lang='lat' dir='ltr'> </span> 
     </span>
    </p>
   </div>
  </div>
 </body>
</html>
