1968 3023
377 132 433 172 Serruo
450 133 468 171 V.
753 142 787 181 111

55 212 199 262 comprehendit:
213 213 300 251 1111111111
314 226 356 251 vcro
371 214 429 263 primo
443 212 515 262 quidem
527 213 545 249 in
559 212 640 249 omniurn
655 211 744 250 scibilium
757 226 790 262 po·
817 210 820 216 ’

53 273 110 309 111111
123 273 211 318 consistit,
221 274 281 311 omnia
295 274 384 322 ignorans,
395 273 412 309 in
421 272 456 309 fine
469 282 528 309 autem
542 284 573 320 per
586 271 651 309 multas
664 273 743 309 actiones
752 282 791 309 tan-

54 331 95 369 dem
112 334 194 370 omniurn
211 333 314 380 scientiam,
328 343 347 370 ut
362 333 460 382 angelicuS,
475 333 559 381 acquiret.
578 330 659 369 Perfecta
675 345 790 382 11111111-

54 402 103 429 turae
117 394 260 440 consummatio,
275 406 320 443 quae
338 393 418 443 angelico
436 393 482 430 inest
497 405 506 429 a
519 392 617 441 principio,
630 392 710 429 humano
724 393 742 428 in
755 391 790 429 fine

54 450 153 490 donabitur.
168 452 219 490 Unde
232 453 278 490 inter
291 452 324 490 hos
339 453 383 491 duos
398 462 465 490 creatos
478 452 579 489 intellectus
588 451 623 488 hoc
634 451 694 489 solum
703 451 791 488 interesse

54 520 131 557 constat,
141 511 190 561 quod
202 511 293 560 angelicus
307 520 339 558 est,
353 510 401 561 quod
414 524 453 548 esse
466 520 536 560 potest:
550 510 638 547 1111111111
652 522 695 547 vero
709 509 791 546 similitu-

53 569 114 608 dinern
127 571 217 620 angelicae
230 570 345 620 perfectionis
354 572 372 608 in
381 570 422 617 fine,
431 571 466 608 hoc
479 580 505 609 est
519 581 559 620 post
572 580 650 607 mortem
664 569 728 615 carnis,
742 582 790 607 rece-

54 639 116 678 pturus
130 640 161 667 est.
175 629 272 678 Angelicus
287 630 341 675 enim,
356 630 426 679 quando
439 630 518 678 priorum
531 630 564 666 fuit
578 638 653 676 creatus,
662 630 700 666 sine
713 628 749 665 ulla
762 629 790 664 sui

31 727 33 731 ,
53 688 128 731 1111111,
138 687 262 734 immobiliter,
271 687 415 732 substantialiter,
425 697 443 725 et
451 702 460 725 a
469 699 537 736 natura,
546 690 628 726 omnium
642 689 715 726 scientia
726 688 790 737 plenus

54 747 116 789 evasit,
131 756 184 796 atque
199 745 297 795 perlectus:
310 756 327 783 et
341 746 387 783 inter
400 746 478 796 angelos,
492 748 522 796 qui
535 760 568 784 suo
581 747 676 796 principio,
689 748 729 784 Deo
742 745 791 783 vide-

54 805 95 842 licet
113 805 233 843 adhaeserunt
250 818 281 855 per
298 818 390 852 amorem,
402 807 420 843 in
433 817 505 844 aeterna
521 807 604 844 1111111111
621 807 721 845 confirmati
738 816 789 844 sunt:

53 866 84 913 qui
98 875 157 902 autem
166 865 185 902 in
194 866 294 914 semetipsis
308 865 412 914 gloriantes,
427 866 488 903 affectu
502 876 612 904 recesserunt
621 880 630 903 1
640 867 686 912 Deo,
702 876 790 915 perpetuo

54 935 96 961 sunt
109 925 177 968 miseri,
187 934 204 961 et
213 924 299 962 infelices.
312 924 406 962 Humanus
416 938 459 962 vero
473 925 578 970 intellectus,
589 927 673 974 quoniam
683 938 692 962 1
701 926 790 975 principio

55 980 73 1019 11
87 980 169 1021 omnium
183 997 243 1021 retum
257 984 362 1033 ignorantia,
376 993 393 1020 et
406 985 505 1032 privatione
519 995 585 1021 creatus
599 994 631 1029 est,
645 997 717 1022 necesse
731 984 790 1031 habet,

10 1053 12 1056 ·
55 1044 326 1090 1111111111,111111,11111111
338 1045 449 1092 propositam
462 1043 495 1080 sibi
506 1047 565 1081 rernm
579 1044 661 1081 notitiam
670 1043 741 1081 tandem
751 1056 791 1092 per-

54 1104 118 1140 veniat.
137 1102 223 1147 Quandiu
236 1115 298 1139 sumus
312 1103 330 1138 11
344 1115 427 1150 corpore,
440 1112 458 1139 et
471 1103 604 1152 peregrinamur
617 1116 626 1139 1
639 1103 725 1146 Domino,
739 1102 790 1140 intel·

54 1161 110 1199 lectus
124 1172 191 1209 noster,
201 1171 274 1211 propter
287 1161 364 1198 nimium
377 1162 457 1210 corporis
471 1163 605 1208 commercium
619 1163 669 1211 quasi
682 1163 700 1199 in
713 1160 790 1199 tenebris

7 1247 20 1252 —t
54 1222 165 1271 ignorantiae
184 1221 252 1269 positus
270 1221 391 1266 confunditur,
407 1230 423 1257 et
437 1221 458 1257 ad
471 1221 564 1258 scientiam
577 1221 680 1258 futurorum
693 1220 791 1271 perlectam

53 1282 128 1317 minime
142 1272 247 1317 illustratur.
260 1280 324 1316 Postea
333 1291 375 1316 vero
385 1292 438 1328 quana
452 1281 510 1317 anima
524 1280 576 1317 faerit
589 1289 669 1329 separata
678 1281 700 1318 de
709 1293 790 1330 corpore,

54 1342 89 1378 iam
99 1340 200 1377 intellectus
213 1336 297 1388 gaudebit
309 1338 389 1387 aragelica
401 1339 516 1387 perfectione.
530 1339 609 1377 Tantum
619 1353 662 1389 ergo
675 1340 761 1377 distamus
770 1339 791 1376 ab

54 1400 128 1450 augelis,
138 1410 224 1448 quantum
233 1397 254 1434 de
265 1410 350 1446 corporea
363 1399 465 1446 impuritate
478 1399 609 1447 participamus.
623 1399 698 1446 Quinto,
712 1400 790 1436 maxime

55 1474 64 1497 a
78 1460 130 1498 nobis
147 1458 248 1507 diligendus
262 1469 288 1494 est
301 1459 361 1504 Deus,
375 1459 460 1506 quoniam
474 1460 511 1507 ipse
525 1459 573 1507 prior
587 1458 648 1496 dilexit
660 1472 704 1506 nos,
718 1470 735 1496 et
748 1459 790 1496 lavit

54 1534 87 1557 nos
101 1533 110 1556 a
123 1519 200 1567 peccatis
213 1519 279 1555 nostris
292 1518 310 1555 in
324 1518 409 1566 sanguine
425 1518 510 1566 unigeniti
528 1518 568 1554 Filii
581 1519 614 1555 sui.
632 1519 706 1555 Creator
719 1532 790 1556 summe

55 1577 113 1629 diligit
127 1571 226 1624 creaturam
239 1590 297 1623 suam,
312 1590 365 1627 quam
379 1577 400 1614 de
414 1577 469 1615 nihilo
483 1578 572 1617 condidit:
587 1577 661 1627 dignum
674 1590 707 1624 est,
720 1589 739 1615 ut
753 1581 790 1628 ipsa

55 1650 135 1678 creatura
151 1651 204 1675 suum
220 1638 297 1674 marinae
311 1636 372 1685 diligat
388 1647 497 1683 creatorem,
511 1639 559 1674 cuius
573 1637 651 1675 bonitate
665 1639 735 1675 inesse
749 1651 789 1687 pro-

56 1700 109 1737 ducta
122 1698 161 1736 1111,
176 1699 230 1735 Amat
243 1709 276 1733 nos
289 1697 338 1733 Deus
352 1698 429 1733 11111111
443 1697 533 1740 charitate,
548 1710 581 1745 qua
595 1698 651 1734 maior
664 1697 706 1744 dici,
719 1698 747 1734 vel
761 1711 790 1734 co-

55 1760 108 1809 gitari
121 1771 158 1795 non
171 1766 236 1805 potest,
250 1765 267 1792 et
281 1757 298 1792 in
312 1764 382 1792 tantum
394 1768 427 1792 nos
441 1755 504 1805 diligit,
518 1755 566 1805 quod
579 1756 655 1804 amplius
669 1756 749 1804 diligere,
758 1771 791 1794 111

56 1817 125 1863 debuit,
142 1829 174 1854 nec
190 1815 259 1865 potuit:
273 1815 358 1863 quoniam
372 1816 389 1850 in
402 1815 442 1851 Deo
455 1814 533 1863 perlecta
547 1825 588 1851 sunt
601 1817 670 1862 omnin,
684 1827 702 1853 et
714 1830 751 1853 non
765 1827 791 1853 est

54 1878 101 1928 apud
120 1873 285 1913 incommutabilem
299 1870 452 1911 transmutationis
466 1874 539 1911 facultas
554 1874 618 1923 aliqua.
636 1867 728 1912 Attendite
743 1889 792 1913 nunc

54 1938 117 1974 iratres
131 1936 176 1982 mei,
190 1944 256 1984 quanto
270 1932 340 1970 fervore
356 1933 428 1976 uternis,
442 1942 543 1983 quantoque
557 1934 646 1971 desiderio
660 1935 717 1972 cordis
731 1936 791 1973 Deum

54 2012 108 2036 suum
121 1996 177 2034 homo
195 1993 257 2031 debeat
277 1992 361 2040 diligere,
374 2003 383 2026 a
396 2004 432 2039 quo
446 2004 530 2041 supremo
546 1993 646 2030 dilectionis
664 1993 718 2042 gradu
737 1996 791 2032 etiam

54 2062 92 2099 sine
106 2057 175 2094 meritis
189 2064 263 2092 amatur.
277 2050 397 2089 Extendamus
410 2051 489 2088 animum
500 2053 516 2088 11
526 2053 563 2089 eius
573 2065 652 2089 amorem
662 2055 791 2103 superomnia,

57 2131 144 2171 quantum
160 2125 264 2165 possumus:
279 2111 343 2160 dignus
361 2119 386 2147 est
401 2111 458 2156 enim,
472 2123 526 2160 quem
543 2112 585 2148 totis
602 2111 669 2149 viribus
690 2113 791 2163 diligamus.

57 2182 222 2226 Quantumcunque
236 2173 282 2210 euim
292 2180 382 2207 amantem
391 2182 423 2206 uos
432 2170 490 2207 Deum
505 2172 629 2218 amaverimus,
638 2172 659 2209 ad
669 2172 718 2210 illam
731 2183 791 2211 tamen

54 2250 164 2281 mensuram,
178 2248 213 2284 qua
226 2233 264 2282 ipse
276 2243 309 2268 nos
323 2229 387 2280 diligit,
401 2229 501 2266 nullatenus
514 2232 644 2278 perveniemus.
657 2232 703 2269 Nam
717 2233 762 2281 ipse,
772 2246 791 2271 ut

57 2299 141 2342 diximus,
150 2307 221 2331 summe
234 2305 267 2328 nos
281 2289 345 2340 diligit,
358 2302 390 2326 nec
403 2298 462 2338 potest
475 2301 526 2325 aanor
539 2290 557 2326 iu
570 2303 602 2327 nos
616 2291 653 2327 eius
667 2291 743 2340 amplius
757 2305 792 2329 cre-

58 2371 113 2403 scere,
127 2367 181 2405 quem
195 2360 295 2390 creaturam
308 2362 358 2386 suam
373 2357 441 2385 constat
456 2348 584 2396 perlectissime
598 2362 663 2387 amare.
680 2352 718 2388 Nos
732 2362 792 2389 autem

56 2426 224 2467 quantumcumque
234 2411 349 2449 dilexerimus
358 2409 415 2456 illum,
422 2405 492 2457 semper
501 2421 596 2456 possumus
606 2412 624 2447 in
633 2411 708 2448 amando
718 2412 793 2449 ulterius

55 2476 151 2527 proficere,
166 2484 183 2510 et
196 2485 252 2521 usque
265 2472 287 2508 ad
302 2479 380 2506 mortem
400 2468 490 2505 ardentius
509 2481 574 2507 1111111,
594 2469 658 2509 Onos
671 2470 746 2516 infirmi,
760 2485 794 2510 nos

55 2538 121 2587 tepidi,
134 2550 169 2575 nos
183 2536 244 2573 lutoso
258 2531 324 2572 carceri
337 2530 442 2578 rnancipati,
456 2529 499 2579 qttid
511 2530 630 2568 retribuemus
644 2533 719 2570 11111111
732 2543 794 2580 tanto,

51 2601 88 2650 'qui
102 2612 135 2637 nos
149 2596 222 2636 infinitis
236 2593 319 2644 gradibus
333 2592 423 2641 praecellit
437 2592 518 2638 arnnudo,
529 2606 568 2629 cum
582 2593 658 2633 facturae
672 2593 693 2630 ad
706 2593 795 2631 factorem

52 2660 101 2698 nulla
114 2661 137 2698 sit
149 2658 273 2709 comparatio?
283 2656 363 2705 Senam,
374 2656 420 2704 quod
435 2669 467 2693 nos
481 2657 498 2693 in
512 2668 591 2693 amorent
605 2657 639 2694 Dei
653 2668 751 2705 provocare
761 2669 798 2693 me-
815 2675 854 2702 enm.

812 1425 824 1442 1.
833 1417 869 1444 lonu.
878 1425 891 1450 1.

811 1482 853 1516 Apot.
864 1489 875 1507 1.

829 1714 866 1739 Deus
876 1723 900 1741 nos

818 1756 836 1782 qn
841 1756 878 1775 antu
882 1758 895 1774 11

797 1792 799 1795 ’
812 1790 875 1817 potest,
887 1791 900 1809 ct

812 1818 851 1844 debet
870 1819 899 1844 dili-

812 1853 835 1886 git.

818 2568 874 2609 Vocario
880 2576 903 2593 no·

815 2609 845 2635 sin,
864 2610 903 2636 quan·

815 2643 844 2663 tum
854 2637 904 2664 benesi-
