1968 3023
383 114 460 152 Honallia
473 115 515 152 rur.
795 127 816 164 31

80 198 115 236 Dei
128 196 263 246 omnipotentis,
277 195 295 232 in
309 195 359 232 cuius
368 194 422 232 verba
431 195 495 245 iuravit
507 206 524 233 et
538 207 593 241 arma,
603 195 732 245 beneplacitam
747 196 817 234 noverit

80 257 198 295 voluntatem.
211 255 280 292 Verum
294 255 339 291 sicut
352 253 403 291 miles
417 255 529 292 voluntatem
539 255 607 293 domini
620 256 648 292 sui
661 255 725 304 procul
739 253 817 293 absentis

80 317 125 353 scire
139 329 176 353 non
189 325 255 363 potest,
270 314 304 351 nisi
320 326 351 363 per
363 315 444 358 nuncios,
458 324 475 350 ct
488 314 577 364 epistolas,
591 314 614 351 ira
632 315 731 352 monachus
749 316 817 365 aeterni

80 376 133 426 Regis
142 385 237 424 praecepta
246 387 282 412 non
291 373 384 423 intelliget,
393 374 427 412 nisi
441 387 472 424 per
485 387 543 411 sacras
552 374 642 419 lectiones,
653 384 706 424 atque
716 386 817 421 sermones,

80 447 97 474 et
105 434 221 484 Evangelicas
230 435 331 484 scripturas.
341 434 414 471 ianuam
423 434 485 472 salutis
494 432 612 471 nescientibus
622 433 676 471 lectio
686 435 815 483 scripturarum

80 495 143 545 aperit,
156 493 257 532 studiosum
272 493 358 531 lectorem
372 505 421 531 recto
438 495 509 531 tramite
522 493 544 531 ad
557 493 591 531 Dei
608 494 691 531 notitiam
709 493 815 539 introducit,

80 566 178 592 amatorem
192 555 219 591 sui
232 552 274 590 facit
287 554 346 591 onmia
360 555 448 591 mundana
462 564 583 599 contemnere,
598 564 615 591 et
627 552 672 591 nihil
689 552 744 599 aliud,
762 565 816 602 quarn

79 627 140 651 veram
154 614 257 663 sapientiam
272 626 338 651 amare.
352 613 402 651 Nihil
416 623 475 651 autem
489 614 563 663 turpius,
573 626 627 663 quam
641 614 658 650 in
672 612 759 662 spirituaii
773 624 816 648 con-

79 675 179 711 versatione
192 672 300 711 monachum
315 673 362 710 nolle
375 672 468 721 proficere,
483 683 499 711 et
513 673 623 711 voluntatem
633 673 668 710 Dei
681 673 758 709 scienter
770 670 816 708 velle

79 734 167 783 ignorare.
181 734 240 770 Nemo
254 727 288 769 sibi
301 732 322 769 de
336 746 367 770 sua
380 726 487 781 infirmitate,
498 733 527 770 uel
540 733 639 782 ignorantia
652 732 757 776 blandiatur,
771 745 815 780 quo·

79 795 134 840 niam,
149 794 178 842 qui
192 794 269 841 ignorat,
279 792 395 842 ignorabitur,
409 802 432 839 et,
445 794 475 842 qui
488 793 579 831 scientiam
590 793 627 830 odit
637 793 739 838 salutarem,
749 793 814 830 merito

80 852 214 890 condemnatur.
228 852 316 889 Missurus
330 853 347 889 in
360 864 432 890 ornnem
446 861 510 889 terram
524 852 654 901 praedicatores
663 853 754 890 Dominus
766 865 816 901 prae·

80 914 150 950 monuit
164 911 230 959 dicens.
244 911 342 948 Prudentes
356 920 413 948 estote
427 911 472 948 sicut
485 920 580 960 serpentes,
595 921 612 949 et
625 911 716 959 simplices
726 912 771 948 sicut
785 903 814 948 co-

80 972 157 1018 lumbae,
172 985 199 1015 ne,
213 970 373 1019 uel'supplanteris
387 969 407 1007 ab
423 970 482 1020 aliquo
499 984 530 1019 per
547 971 672 1020 ignorantiam,
685 970 714 1007 vel
731 970 814 1007 iniuriam

80 1043 137 1069 struas
151 1031 203 1068 alicui
216 1043 247 1079 per
259 1029 346 1067 fraudem.
359 1030 424 1067 Parum
441 1044 510 1080 nanque
528 1030 581 1068 distat
594 1031 611 1067 in
624 1031 674 1075 vitio,
688 1029 716 1068 vel
733 1030 815 1078 decipere

72 1105 140 1140 posse,
154 1091 182 1129 vel
200 1091 263 1139 decipi.
277 1091 329 1138 Rogo
346 1102 378 1127 vos
395 1090 454 1139 igitur,
468 1089 531 1127 fratres
549 1089 653 1134 charissimi,
668 1099 688 1127 ut
703 1090 720 1126 in
734 1089 815 1139 regulam

80 1152 115 1190 divi
129 1152 183 1201 patris
200 1152 257 1188 nostri
273 1150 363 1187 Benedicti
376 1149 434 1187 velitis
452 1149 551 1195 intendere,
565 1163 610 1200 quae
623 1163 655 1188 vos
673 1159 737 1192 monet,
748 1150 766 1186 in
779 1149 815 1198 ple·

79 1213 139 1261 risque
153 1211 197 1248 locis
211 1209 320 1259 frequentius
340 1209 445 1248 lectionibus
465 1205 564 1247 diuinarum
583 1211 712 1258 scripturarum
726 1208 815 1246 insudare.

852 253 925 280 Monachus

837 296 880 315 sacras
895 288 925 314 lire-

836 332 857 349 111
866 323 911 350 discat.

79 1272 99 1308 In
113 1271 206 1320 scripturis
223 1271 270 1307 enirn
288 1270 373 1307 docemur
387 1270 408 1308 ad
422 1282 495 1307 omnem
512 1271 597 1318 pietatem
614 1269 715 1315 informari,
731 1269 815 1319 quemad·
837 1316 839 1319 ἱ

78 1329 154 1368 modum
167 1331 185 1367 in
198 1330 230 1367 hac
243 1328 347 1366 brevissima
357 1329 498 1378 peregrinatione
512 1329 565 1367 huius
578 1328 666 1366 incolatus
679 1328 777 1366 debeamus
790 1329 816 1365 vi·
847 1356 850 1359 Δ

79 1402 127 1434 vere,
136 1398 155 1426 ut
166 1390 246 1426 Domino
260 1389 299 1426 Deo
312 1398 374 1426 nostro
387 1388 476 1437 possimus
490 1401 543 1437 super
556 1389 617 1426 omnia
630 1389 704 1438 placere.
716 1387 815 1425 Monaclro·

79 1461 119 1485 rum
132 1461 209 1498 namque
223 1457 249 1485 est
259 1447 351 1492 tnanrdum,
361 1458 378 1485 et
391 1460 453 1485 omnes
463 1448 564 1497 voluptates
573 1450 670 1497 praesentis
680 1450 727 1485 uitae
739 1461 771 1496 pro
782 1448 815 1485 Dei

79 1516 140 1546 amore
154 1518 275 1553 contemnere,
290 1519 350 1545 motus
364 1508 420 1545 carnis
433 1507 505 1546 illicitos
514 1507 589 1545 viriliter
603 1508 727 1556 comprimere,
737 1508 815 1545 orationi

79 1581 156 1618 quoque,
171 1568 251 1614 lectioni,
266 1576 283 1605 et
300 1566 412 1605 meditationi
429 1568 556 1617 scripturarum
574 1568 661 1614 insistere,
675 1577 692 1605 et
708 1576 787 1604 mentem
805 1581 815 1604 a

79 1630 153 1667 terrenis
167 1628 188 1666 ad
202 1628 285 1666 coelestia
295 1629 359 1677 iugiter
368 1627 442 1666 elevare.
452 1629 514 1665 Beatus
528 1628 560 1675 ine,
571 1629 675 1673 monachus,
685 1629 715 1678 qui
727 1639 763 1666 non
773 1627 815 1666 abiit

79 1690 97 1726 in
111 1688 186 1727 consilio
200 1689 305 1737 impiorum,
320 1698 337 1726 et
350 1689 368 1725 in
381 1689 410 1726 via
423 1699 536 1738 peccatorum
551 1702 586 1727 non
602 1690 656 1733 stetit,
670 1699 687 1726 et
700 1690 718 1726 in
733 1688 815 1726 cathedra

79 1747 173 1786 hominum
186 1747 308 1796 pestilentium
321 1760 357 1785 non
367 1748 417 1792 sedit,
428 1750 459 1785 sed
471 1749 489 1785 in
502 1748 541 1798 lege
551 1748 625 1786 Domini
637 1747 733 1785 meditatur
747 1748 780 1791 die,
794 1761 815 1785 ac

78 1816 138 1853 nocte,
148 1805 217 1844 discens
226 1806 255 1843 hic
269 1807 286 1843 in
295 1807 387 1856 scripturis
396 1807 431 1844 Dei
440 1808 550 1856 sapientiam,
560 1808 611 1845 cuius
620 1808 698 1845 fructum
710 1817 815 1857 recepturus

79 1875 105 1903 est
118 1876 159 1914 post
172 1865 224 1903 huius
239 1866 386 1916 peregrinationis
400 1868 495 1904 terminum
510 1868 565 1904 vitam
579 1878 674 1906 aeternam.

194 1995 220 2025 De
230 1995 320 2033 quotidiano
330 1995 433 2025 renovatione
443 1996 495 2026 soracti
501 1996 587 2033 propositi.
599 1996 671 2027 Homilt'o
683 1998 697 2027 V.

127 2116 221 2150 obturatus,
239 2104 301 2141 iratres
319 2103 428 2150 charissimi,
442 2104 538 2141 lectionem
555 2104 607 2142 nobis
624 2106 717 2143 recitatam
735 2105 756 2143 de
769 2105 815 2143 libro

79 2117 190 2206 Asancti
203 2161 240 2206 lob,
254 2163 273 2199 in
286 2175 320 2212 qua
335 2163 408 2201 humani
425 2164 494 2211 generis
511 2163 601 2213 deplangit
618 2166 716 2210 miseriam,
731 2175 748 2202 et
761 2165 814 2203 huius

79 2221 198 2260 calamitatem
212 2223 264 2268 vitae,
273 2223 327 2260 simul
341 2236 360 2259 ac
373 2222 472 2260 instabilem
486 2222 595 2262 breuitatem.
609 2225 677 2271 Homo,
689 2226 752 2275 inquit,
762 2235 813 2263 natus

78 2280 100 2317 de
114 2279 195 2326 muliere,
210 2280 259 2318 breui
272 2282 334 2318 vivens
347 2291 428 2331 tempore
443 2281 522 2330 repletur
539 2283 600 2321 multis
618 2286 701 2331 miseriis,
715 2285 746 2334 qni
764 2286 814 2334 quasi

78 2338 111 2376 flos
125 2340 221 2388 egreditur,
231 2351 249 2378 et
258 2343 363 2387 conteritur,
374 2352 392 2379 et
400 2342 446 2391 fugit
454 2341 503 2379 velut
511 2342 580 2389 umbra,
591 2354 608 2381 et
621 2356 712 2393 nunqnmn
722 2346 739 2382 in
750 2344 813 2383 eodem

36 2428 37 2431 ,
78 2408 124 2436 statu
141 2410 240 2447 permanet.
253 2401 305 2444 Ecce,
319 2401 383 2450 inquit,
395 2400 456 2439 breves
474 2402 514 2438 anni
531 2412 627 2447 transeunt,
646 2413 663 2440 et
679 2405 768 2449 semitam,
783 2417 814 2453 per

78 2470 132 2507 quarn
149 2471 186 2496 non
202 2468 287 2505 revertar,
302 2459 379 2498 ambulo.
393 2459 467 2497 Deficiet
485 2460 543 2498 omnis
561 2473 601 2499 caro
615 2462 680 2500 simul:
695 2473 712 2500 et
726 2464 782 2501 horno
796 2465 814 2501 in

79 2518 155 2555 cinerem
170 2528 276 2557 revertetur:
290 2519 339 2563 Quid
352 2520 398 2557 inter
411 2521 454 2558 haec
467 2519 528 2557 fratres
545 2521 692 2569 aninmduertitis,
706 2522 771 2573 quidve
785 2536 815 2561 co-

78 2576 148 2624 gitatis?
161 2577 226 2614 Estne
240 2578 257 2614 in
271 2578 323 2615 nobis
337 2579 398 2625 homo,
412 2580 441 2628 qui
455 2593 474 2616 se
486 2580 552 2617 nesciat
566 2593 604 2618 esse
619 2582 719 2627 mortalem,
729 2584 759 2632 qui
774 2596 813 2620 cnm

78 2635 151 2674 veritate
169 2638 226 2687 possit
243 2636 307 2681 dicere,
322 2652 358 2676 nou
375 2639 461 2677 movebor
478 2640 497 2677 in
510 2642 614 2679 aeternum?
627 2641 675 2688 Heu,
689 2642 753 2679 fratres
770 2643 813 2689 mei,

835 2651 869 2677 rut.
879 2659 899 2686 29.
