1968 3023
365 180 442 218 Homllla
456 180 513 218 XIIII.

205 333 231 363 De
241 341 280 363 aera
287 332 384 369 poenitentia
394 330 512 361 attonaclo'r'ma.
524 328 596 360 Humilia
607 328 667 359 XIIII.

136 502 212 539 nitentia
224 501 313 539 nominari
326 502 389 550 possit,
404 501 470 550 quippe
479 501 510 550 qui
523 510 540 537 et
554 499 604 537 nobis
617 499 690 543 mortui,
705 508 722 534 et
736 496 804 535 mundo

69 559 104 596 iam
120 559 185 608 sepulti
199 560 291 605 uidetnur;
306 562 346 610 quia
360 571 418 597 tritten
432 573 483 596 carue
497 559 569 597 mortali
585 571 647 595 sumus
661 557 773 602 circumdati,
788 567 805 593 et

69 620 203 667 peregrinamur
215 621 234 657 in
248 619 306 657 medio
320 620 397 657 nationis
410 620 519 668 peccatricis,
527 619 565 656 lieri
578 631 615 656 non
628 627 694 666 potest,
705 617 753 666 quin,
768 615 804 653 fra-

57 678 141 726 gilitatis
157 680 239 727 propriae
253 679 337 728 impulsu,
353 679 432 729 quotidie
446 680 463 716 in
476 679 536 728 aliquo
550 678 684 728 delinquamus,
703 689 735 726 pro
753 677 803 713 cuius

68 740 169 787 expiatione
182 753 218 777 non
227 739 285 777 solum
294 739 406 788 generaliter,
417 739 447 776 sed
457 740 509 776 etiam
519 739 618 788 specialiter
631 737 683 775 fuerit
692 735 803 785 poenitendo

68 796 217 836 satisfaciendum:
232 799 262 835 Est
276 799 323 835 enirn
334 798 444 847 poenitentia
453 798 520 835 cunctis
534 796 640 835 mortalibus
653 796 803 844 necessariaque

68 868 85 895 et
99 860 195 896 commissa
207 859 253 897 mala
262 859 368 908 deplangunt
378 872 418 895 cum
428 858 557 896 emendationis
571 858 670 907 proposito,
681 866 699 893 et
713 856 802 905 deinceps,

68 928 154 966 quantum
172 917 210 955 fieri
228 928 296 967 potest,
310 919 370 955 vivere
384 927 462 955 statuant
480 919 517 955 sine
531 927 611 966 peccato,
626 916 758 953 Monachorum
776 926 802 952 est

67 977 166 1025 proprium,
180 978 218 1013 sine
232 977 365 1014 intermissione
375 977 502 1026 poenitentiam
511 988 568 1024 agere¹
579 986 595 1012 et
604 986 640 1012 tam
655 987 686 1023 pro
695 974 738 1018 suis,
749 986 802 1022 quam

67 1047 100 1083 pro
113 1035 174 1072 alienis
192 1037 269 1084 peccatis
286 1036 351 1084 iugiter
365 1048 420 1072 orare,
433 1035 475 1073 Non
493 1035 541 1072 enim
555 1035 635 1073 docentis
653 1033 732 1071 officium
750 1032 802 1069 habet

67 1094 172 1139 monachus,
184 1086 205 1138 ut
218 1107 267 1131 sacer
279 1094 402 1142 Hieronymus
420 1094 483 1143 inquit,
494 1093 524 1130 sed
538 1094 644 1142 plangentis,
654 1093 685 1142 qui
697 1092 726 1130 vel
739 1105 758 1128 se
771 1091 801 1128 lu-

66 1163 106 1201 geat
119 1153 250 1197 tnfinnussvel
265 1153 353 1190 mnndum
366 1144 460 1201 perfectus
475 1163 492 1189 et
504 1153 579 1190 Domini
592 1152 666 1201 pavidus
679 1151 801 1201 praestoletur

68 1212 170 1249 adrentum.
184 1213 202 1250 Si
215 1212 304 1263 perfectus
318 1225 336 1249 es
350 1212 458 1258 monachus,
471 1213 600 1261 poenitentiam
614 1212 664 1260 agito
677 1224 710 1259 pro
723 1212 800 1260 peccatis

68 1271 140 1309 alienis:
154 1272 169 1308 si
182 1285 225 1310 vero
238 1272 325 1316 infirmus,
340 1282 410 1322 oportet
428 1282 447 1308 ut
466 1272 542 1320 amplius
560 1273 650 1320 poeniteas
668 1284 701 1321 pro
716 1272 801 1320 propriis.

68 1329 142 1379 Semper
155 1332 214 1380 itaque
223 1331 352 1381 poenitendum
366 1341 392 1368 est
405 1330 500 1377 monacho,
509 1333 540 1379 qui
552 1344 589 1368 non
602 1332 661 1369 solum
669 1343 702 1380 pro
712 1332 755 1374 suis,
769 1330 801 1367 sed

66 1389 120 1426 etiam
133 1402 166 1438 pro
179 1389 248 1428 delictis
263 1390 339 1428 aliorum
352 1391 460 1427 intercessor
473 1390 494 1427 ad
507 1390 566 1427 Deum
580 1390 700 1427 constituitur.
714 1389 748 1427 Sed
762 1389 801 1438 quis

65 1448 84 1485 in
97 1448 149 1485 vobis
163 1460 189 1486 est
202 1449 271 1494 fratres,
286 1451 316 1499 qui
328 1450 403 1499 proprio
416 1461 452 1487 non
465 1459 548 1499 gravetur
561 1449 639 1487 delicto?
653 1450 699 1494 Quis
715 1449 801 1498 inquam,

65 1518 92 1544 est
108 1518 195 1555 vestrum,
209 1509 239 1558 qui
252 1522 288 1547 non
302 1508 380 1558 indigeat
394 1510 515 1558 poenitentia?
529 1510 587 1547 Video
601 1522 633 1546 uos
649 1509 667 1546 in
680 1509 742 1546 multis
756 1520 800 1557 quo-

64 1566 107 1603 tidie
120 1566 216 1612 offendere,
231 1578 248 1604 et
262 1568 325 1605 doleo:
340 1581 399 1614 cerno,
413 1581 466 1617 quam
479 1569 615 1616 praeteritorum
629 1568 725 1617 negligatis
739 1567 800 1616 poeni-

63 1626 149 1672 tentiam,
164 1637 181 1663 et
195 1628 320 1664 contremisco.
334 1627 421 1676 Nunquid
437 1641 473 1664 non
489 1628 585 1676 agnoscitis
599 1640 631 1664 vos
649 1640 687 1664 esse
700 1626 800 1664 mortales?

64 1685 85 1722 Et
98 1698 152 1735 quare
167 1686 254 1725 vocabulo
268 1688 352 1724 monachi
369 1700 405 1724 uon
422 1686 533 1731 satisfacitis,
548 1696 567 1723 nt
580 1688 708 1737 poenitentiam
723 1688 741 1724 in
754 1696 800 1723 tem-

64 1757 107 1792 pore
122 1746 241 1783 necessariam
259 1747 328 1795 agatis?
345 1746 458 1784 Mementote
473 1760 539 1797 quaeso
557 1748 683 1784 comminantis
701 1747 800 1795 scripturae

64 1802 144 1842 dicentis.
157 1805 184 1842 Ne
198 1806 255 1842 tardes
266 1806 345 1843 converti
354 1806 375 1843 ad
385 1806 491 1855 Domirmm,
502 1814 550 1843 etue
560 1806 630 1843 differas
644 1805 665 1842 de
675 1806 702 1843 die
716 1806 734 1843 in
744 1805 798 1842 diem.

63 1861 126 1899 Subito
136 1864 183 1900 enim
192 1864 251 1901 veniet
265 1866 289 1901 ira
303 1864 356 1909 illius,
367 1874 384 1901 et
398 1866 416 1901 in
429 1875 510 1914 tempore
520 1866 608 1903 uindictae
618 1866 707 1914 disperdet
721 1875 744 1902 te.
757 1864 799 1901 Non

62 1922 111 1958 enim
124 1921 243 1970 praeteribitis
257 1933 341 1970 mortem,
350 1937 395 1973 quae
405 1922 462 1969 vobis,
477 1938 487 1961 o
501 1937 558 1971 senes,
571 1925 589 1961 in
603 1926 654 1962 ianua
665 1935 695 1969 est,
710 1933 727 1961 et
741 1924 799 1960 iunio-

62 1979 110 2017 ribus
124 1981 167 2017 latet
180 1982 199 2018 in
212 1981 291 2020 insidiis:
306 1982 345 2025 sed,
360 1982 430 2030 quando
444 1984 503 2019 ininus
518 1984 610 2031 cogitatis,
624 1983 645 2020 de
659 1996 734 2032 corpore
749 1994 798 2019 coru-

61 2039 124 2088 pulsus
138 2039 183 2077 exiet
197 2041 276 2088 spiritus.
290 2041 342 2078 Unde
355 2042 369 2077 si
379 2054 411 2078 vos
425 2053 464 2077 esse
478 2051 582 2089 peccatores
596 2043 733 2091 recognoscitis
744 2042 759 2078 si
767 2054 798 2078 ve-

61 2099 100 2136 nire
109 2098 131 2135 ad
140 2099 173 2135 Dei
183 2099 323 2137 misericordiam
333 2099 446 2147 desideratis,
461 2099 527 2136 amodo
537 2100 571 2137 iam
584 2101 719 2149 poenitentiam,
729 2112 799 2149 precor,

61 2159 153 2204 assumite,
161 2168 177 2195 et
185 2172 244 2195 mores
251 2169 320 2196 vestros
328 2160 345 2196 in
352 2158 435 2197 omuibus
444 2159 542 2196 secundum
550 2160 623 2208 regulae
632 2161 727 2208 puritatem
738 2173 798 2197 enten-

63 2218 108 2256 date.
123 2219 169 2256 Satis
179 2220 201 2256 sit
210 2218 296 2257 hactenus
306 2232 364 2257 verant
374 2219 474 2268 neglexisse
483 2219 618 2267 poenitentiam,
630 2229 648 2256 et
656 2220 709 2257 ulmis
719 2219 798 2268 tepidam

63 2287 111 2315 tanto
126 2274 240 2316 continuasse
253 2289 335 2328 tempore
348 2279 508 2316 conversationem.
522 2278 571 2315 Deus
585 2279 656 2322 etenim,
671 2279 701 2327 qui
715 2279 797 2316 dissimu-
817 2287 847 2321 Sap.
857 2295 878 2313 11.

62 2337 86 2374 lat
99 2348 170 2386 peccata
183 2337 278 2376 hominum
292 2348 365 2387 propter
378 2338 512 2388 poenitentiam,
522 2337 641 2375 differentibus
655 2339 747 2386 poenitere
758 2352 796 2376 nou

60 2397 144 2445 promisit
161 2398 207 2434 vitae
224 2398 386 2447 prolongationem.
404 2397 519 2434 Considerate
537 2397 692 2446 longanimitatem
710 2398 749 2438 Dei,
766 2399 797 2448 qui

60 2454 92 2492 vos
106 2466 199 2504 peccantes
213 2457 293 2505 quotidie
306 2467 342 2493 tam
356 2456 386 2493 diu
402 2455 539 2493 misericorditer
553 2455 626 2503 distulit,
641 2465 659 2492 et
672 2457 719 2505 agite
732 2458 795 2505 poeni-

59 2515 144 2558 tentiam,
158 2526 244 2563 quatenus
259 2526 338 2563 optatam
352 2516 446 2552 inveniatis
460 2515 590 2551 remissionem.
605 2515 654 2552 Dicit
667 2517 715 2552 enim
731 2516 795 2553 Domi-

60 2585 94 2609 nus
107 2586 139 2623 per
152 2573 266 2622 Propltetam:
280 2575 328 2611 Nolo
342 2584 417 2611 mortem
432 2574 487 2622 impii,
496 2574 528 2610 sed
540 2584 560 2609 ur
573 2584 686 2611 convertatur
700 2588 709 2611 a
722 2577 752 2612 via
765 2589 797 2613 sua
816 2577 864 2605 szeeh.
874 2578 894 2604 ¹⁸1

59 2632 112 2678 inula,
127 2642 144 2669 et
158 2633 212 2670 Vivat.
227 2633 246 2670 ln
259 2634 325 2670 Sancto
339 2647 409 2682 quoque
423 2632 518 2681 Evangelio
533 2633 581 2671 dicit.
595 2634 725 2671 l'oenitentiam
739 2636 792 2684 agite,
816 2642 853 2669 Matr.
864 2651 875 2677 3.

58 2693 207 2742 appropinquavit
221 2693 274 2729 enirn
285 2694 368 2742 Regnum
382 2693 485 2730 Coelorum.
503 2693 589 2742 Magnum
603 2703 629 2730 est
648 2692 715 2732 bonum
735 2696 796 2744 poeni-

73 445 189 550 Quantus
203 451 240 479 tota
250 442 363 480 conuersatio
376 450 443 484 nostra,
458 442 520 477 fratres
533 440 568 477 inei
583 438 687 484 charissimi,
701 448 748 475 recte
762 451 804 486 poe-
