1968 3023
402 183 479 222 Hatrailia
492 183 515 222 II.
804 191 823 219 11

90 280 164 313 merear,
173 279 208 316 quo
217 266 314 315 spiritualis
323 265 398 303 militiae
407 265 536 310 conditionem,
543 277 596 314 quam
604 263 665 314 regula
673 262 724 301 uobis
734 263 823 312 praeprit,

89 339 126 364 non
138 325 231 363 excedam,
242 324 325 362 Eiusdem
338 337 409 374 nanque
422 324 497 361 militiae
510 336 572 360 sumus
586 321 702 372 professores,
715 336 748 359 nec
761 331 824 360 votum

89 385 172 422 discernit
185 384 271 431 officium,
280 397 315 434 quo
329 397 358 421 me
372 394 462 433 pastorem
476 396 516 420 cum
528 381 591 421 ovibus
604 380 693 431 professio
706 381 793 420 solemnis
806 382 824 418 in

90 444 163 482 exordio
176 444 228 482 huius
242 445 288 481 vitae
302 441 344 481 lecit
358 442 462 493 obligatum.
477 442 528 480 Unde
542 455 583 479 cum
597 442 648 479 vobis
661 441 726 491 loquor
739 441 761 478 de
773 440 825 490 spiri-

89 504 133 541 tuali
145 504 216 551 militia,
229 517 283 553 quam
299 516 361 541 sumus
380 495 419 541 Deo
433 504 529 540 miserante
546 501 632 551 professi:
646 501 722 539 intentio
739 511 766 539 est
779 513 825 546 rnen,

90 575 175 613 quantum
188 565 276 601 Dominus
286 565 334 602 lesus
348 564 415 602 donare
428 562 535 613 dignabitur,
545 574 562 600 et
571 563 660 611 meipsum
671 561 692 599 de
702 562 767 610 plumis
777 562 826 610 igna-

89 624 134 668 viae,
147 636 167 660 ac
179 623 276 672 tepiditatis
289 623 311 661 acl
320 624 409 661 fervorem
419 634 490 661 sanctae
499 623 584 660 novitatis
594 632 683 666 excutere,
694 630 711 658 et
720 634 752 659 vos
762 634 825 659 ornnes

90 696 123 731 pro
136 682 201 720 viribus
215 683 236 719 ad
249 683 348 721 custodiam
361 683 444 721 militaris
458 682 525 720 ordinis
539 695 643 732 provocare.
653 682 718 719 Sumus
730 682 777 719 enim
791 680 825 718 fra-

90 742 138 791 giles,
153 752 170 778 et
184 741 254 785 infirmi,
268 755 300 780 nec
313 742 343 779 diu
357 742 427 779 stabiles
442 744 459 779 in
472 752 534 780 sancto
548 742 641 791 proposito
658 741 778 787 consistimus,
790 740 825 777 nisi

90 802 197 851 quotidianis
211 803 299 839 exercitiis
309 801 399 839 fervorem
409 803 481 850 spiritus
491 802 576 847 continue
586 814 699 839 renovemus.
709 801 746 838 Mei
756 813 825 850 nanque

90 862 158 899 ratione
171 861 225 910 officii
238 862 327 910 astringor
335 860 387 898 vobis
397 874 423 908 ea,
432 875 476 911 quae
486 861 592 898 adsalutem
603 870 680 898 vestram
690 859 740 898 vobis
750 869 825 909 possunt
835 886 836 889 ,

91 919 195 964 conducere,
209 921 226 958 in
240 920 319 957 medium
333 933 444 969 proponere:
462 919 483 957 ad
499 933 531 958 vos
549 921 625 968 pertinet
637 919 741 969 loquentem
754 932 793 966 me,
806 929 825 956 ut

90 989 180 1028 pastorem
193 980 292 1017 animarum
306 990 412 1026 vestrarum,
425 980 513 1028 patienter
526 981 543 1017 in
558 978 641 1017 omuibus
655 980 721 1017 audire.
737 979 825 1023 Quamvis

91 1039 137 1076 enim
151 1038 173 1074 ad
186 1037 286 1076 docendum
296 1048 362 1075 tantam
377 1037 511 1075 multitudinem
521 1039 611 1075 seniorum
622 1039 692 1075 iuvenis
701 1050 737 1074 non
746 1038 780 1074 sim
791 1037 826 1074 ido-

91 1109 141 1141 neus,
149 1098 189 1146 quia
198 1107 258 1135 tamen
267 1110 296 1133 me
305 1096 356 1134 vobis
370 1091 488 1134 constituistis
502 1094 600 1146 pastorem,
612 1097 710 1146 compellor
722 1096 755 1133 sub
765 1110 825 1134 neces-

91 1157 143 1194 sitate
156 1156 218 1193 salutis
231 1169 303 1205 gregem
317 1169 395 1205 pascere,
409 1170 463 1206 quem
480 1157 550 1206 suscepi
568 1156 708 1206 gubernandum.
726 1156 764 1205 Ego
778 1156 825 1206 quod

91 1228 151 1252 meum
165 1225 192 1252 est
204 1214 279 1252 libenter
292 1227 324 1264 pro
337 1214 410 1260 viribus
424 1225 442 1252 et
455 1229 494 1265 ago,
505 1225 522 1252 et
534 1229 585 1265 agam
600 1215 677 1265 quandiu
691 1217 709 1253 in
722 1216 754 1253 lrac
763 1216 827 1254 sollici-

92 1274 153 1311 tudine
167 1287 218 1318 curae
231 1274 325 1323 pastoralis
338 1275 410 1313 vixero:
423 1288 474 1312 senes
487 1287 519 1312 vos
532 1276 601 1312 iuvenis
615 1274 692 1319 docebo,
709 1285 726 1311 et
736 1275 827 1324 ¹quemad-

92 1333 166 1371 modum
179 1333 205 1387 illi
218 1334 295 1371 militate
308 1329 387 1372 debeatis
400 1334 418 1371 in
432 1335 481 1372 cutus
495 1348 544 1372 arma
557 1334 634 1381 iurastis,
647 1335 685 1371 sine
695 1335 827 1372 intermissione

79 1392 223 1431 demonstrabo.
236 1394 278 1431 Non
292 1393 339 1430 enlm
353 1406 383 1430 me
397 1392 443 1443 fugit
456 1393 545 1431 horrenda
558 1393 665 1443 legislatoris
682 1394 738 1431 nostri
753 1394 826 1431 commi-

90 1453 138 1490 natio
152 1451 235 1491 dicentis:
249 1452 296 1490 Sciat
305 1452 357 1489 abbas
368 1452 429 1501 culpae
439 1454 514 1502 pastoris
524 1452 633 1499 incumbere,
644 1453 728 1502 quicquid
737 1454 756 1490 in
765 1451 827 1490 ovibus

91 1522 141 1560 pater
154 1511 229 1549 familias
243 1512 324 1549 utilitatis
337 1513 396 1549 minus
410 1513 489 1561 potuerit
499 1513 584 1550 invenire.
595 1513 616 1549 Et
625 1525 657 1549 vos
666 1511 728 1550 fratres
737 1513 772 1549 mei
786 1524 826 1550 con-

93 1574 149 1611 cernit
162 1573 210 1623 quod
223 1574 309 1623 sequitur,
323 1574 338 1609 si
350 1586 380 1610 me
393 1573 510 1622 praedicante,
524 1582 542 1610 et
556 1583 640 1611 monente
651 1574 685 1610 Dei
698 1572 771 1611 verbum
786 1586 827 1611 con·

91 1641 170 1680 temptus
184 1633 258 1670 oriatur.
272 1632 360 1678 Tantum,
375 1633 437 1681 inquit,
451 1633 516 1669 iterum
529 1632 563 1669 erit
576 1631 626 1678 liber,
639 1643 659 1668 ur
672 1633 686 1668 si
700 1632 785 1681 inquieto,
798 1632 826 1668 vel

91 1690 199 1729 inobedienti
211 1693 262 1740 gregi
276 1693 352 1739 pastoris
365 1690 419 1728 fuerit
433 1693 492 1729 omnis
506 1691 597 1740 diligentia
610 1691 699 1735 attributa,
713 1690 827 1732 etmorbidis

91 1763 153 1788 eorum
168 1751 234 1788 actibus
249 1751 329 1788 universa
343 1751 397 1788 fuerit
410 1764 451 1788 cura
470 1750 552 1795 exhibita,
570 1761 629 1800 pastor
647 1763 708 1788 eorum
726 1752 744 1788 iu
762 1750 827 1788 iudicio

91 1810 164 1847 Domini
177 1805 279 1856 absolutus,
292 1808 338 1846 dicat
356 1823 396 1846 cum
414 1810 508 1859 propheta:
523 1810 608 1856 Domine,
622 1811 710 1847 Iustitiam
726 1821 776 1847 tuam
791 1823 827 1847 non

93 1868 208 1920 abscondiin
226 1868 278 1906 corde
295 1882 347 1915 meo,
360 1869 453 1907 veritatem
472 1881 531 1916 tuam,
548 1881 564 1906 et
580 1869 657 1906 salutare
670 1880 721 1906 tuum
736 1870 780 1908 diui:
794 1870 827 1919 ipsi

91 1938 150 1965 autem
169 1938 305 1966 contemnentes
320 1939 427 1977 spreverunt
442 1941 477 1966 me¹
496 1929 517 1965 Et
534 1937 577 1965 tunc
595 1928 667 1965 demum
685 1927 827 1966 inobedientibus

92 1999 144 2024 curae
157 2000 198 2024 sure
212 1986 280 2030 ovibus,
295 2000 351 2036 poena
365 1989 388 2024 sit
402 1988 427 2024 eis
441 1987 544 2036 praevalens
558 1989 596 2037 ipsa
609 2000 664 2026 rnors.
673 1987 748 2025 Nullum
761 1988 789 2024 ltic
798 2001 827 2024 ve-

91 2045 150 2083 lamen
163 2047 283 2083 excusationis
297 2046 410 2096 relinquitur,
425 2046 571 2095 subterfugiendi
579 2046 629 2084 locus
638 2060 674 2084 non
683 2056 787 2096 praestatur,
797 2046 827 2083 sed

92 2105 190 2154 periculum
204 2115 320 2155 utrarumque
334 2107 411 2154 partium
424 2106 493 2155 publice
508 2105 619 2143 describitur.
632 2106 671 2155 Ego
684 2119 754 2156 nanque
767 2107 827 2144 locum

92 2175 153 2202 tenens
166 2164 239 2208 abbatis,
253 2166 268 2201 si
281 2178 317 2203 uon
330 2165 381 2203 vobis
395 2167 527 2203 nnrrunciavero
541 2166 627 2203 iustitiam
641 2166 685 2213 Dei,
702 2168 717 2204 si
735 2178 827 2216 peccantes

91 2236 124 2260 vos
137 2236 172 2260 non
184 2223 302 2262 emendavero
311 2224 409 2261 secundum
420 2224 506 2274 regulam,
516 2225 594 2262 officium
605 2239 665 2262 meum
674 2226 746 2274 negavi:
756 2226 827 2263 etmihi

92 2291 149 2319 toturn
163 2281 285 2331 imputabitur,
302 2282 349 2331 quod
367 2283 426 2319 minus
444 2284 461 2320 in
474 2283 525 2320 vobis
543 2273 641 2321 sanctitatis
654 2285 749 2321 iuvenitur.
766 2285 826 2321 lvleum

92 2351 118 2378 est
132 2342 179 2378 enim
192 2342 262 2379 ratione
275 2343 370 2390 pastoralis
384 2342 445 2389 officii,
454 2343 497 2391 quid
510 2342 560 2380 vobis
574 2343 595 2379 ad
608 2343 683 2380 salutem
692 2344 830 2380 animarumve-

91 2410 168 2438 stratum
182 2400 262 2449 expediat
277 2401 342 2439 dicere:
356 2412 435 2439 vestrum
445 2415 487 2439 vero
498 2413 523 2439 est
533 2416 560 2449 ea,
571 2415 616 2451 quae
625 2402 643 2439 in
652 2403 725 2439 nomine
734 2402 828 2440 salvatoris

92 2461 244 2510 pronuntiavere,
261 2460 352 2498 humiliter
368 2461 439 2500 audire:
457 2474 473 2498 et
491 2472 578 2512 quantum
595 2463 718 2511 unusquisque
733 2462 829 2511 praevalet,

92 2520 145 2559 corde
158 2533 224 2570 magno
237 2519 313 2557 fideliter
326 2521 429 2570 adimplere.
439 2521 518 2558 Audistis
530 2522 629 2570 periculum
643 2534 704 2559 meum
717 2522 732 2558 si
745 2535 782 2560 non
796 2522 828 2559 cla-

92 2593 174 2618 mavero:
188 2580 286 2623 audivistis
301 2590 317 2616 et
330 2591 411 2617 vestrum
425 2581 439 2617 si
453 2594 482 2618 me
495 2579 545 2618 vobis
560 2581 701 2630 contempseritis
710 2581 785 2619 verbum
795 2582 828 2619 Dei

93 2640 229 2689 praedicantem.
244 2639 268 2676 Ut
281 2648 341 2677 autem
355 2640 470 2677 miseratione
484 2640 577 2677 salvatoris
587 2653 650 2678 omnes
660 2640 754 2678 evadamus
764 2641 827 2686 securi,

92 2699 109 2737 id
123 2699 202 2738 studiose
216 2709 336 2749 prosequatur·
346 2700 468 2750 unusquisque
482 2709 571 2745 nostrum,
583 2700 630 2751 quod
644 2699 676 2737 sibi
690 2701 707 2737 in
721 2700 753 2738 hac
767 2700 829 2738 militia

859 1462 916 1488 Pastoris
921 1467 934 1488 et

847 1497 901 1524 abbatis
906 1505 934 1522 rnu-

847 1540 875 1558 uus.
