1968 3023
409 197 485 234 Homilia
499 197 537 234 XV.
806 209 840 244 107

105 278 260 327 contemplationis
273 278 352 314 studium
367 278 442 315 minime
451 279 536 327 gnstavit.
547 279 595 315 Haec
606 278 647 315 ideo
658 278 796 325 introduxerim,
805 279 839 315 fra-

105 348 145 383 tres,
159 352 194 388 quo
210 338 313 387 intelligatis
331 337 375 375 nihil
389 351 428 375 esse
441 348 478 375 tam
491 336 574 384 difficile,
589 337 636 387 quod
654 339 766 376 consuetudo
781 338 839 375 1111110

104 406 185 446 tempore
198 399 298 435 continuata
311 410 347 434 non
362 396 425 434 efficiat
434 397 477 434 leve.
487 398 561 434 Sanctus
576 397 608 433 iste
618 397 679 441 homo,
690 399 735 435 sicut
745 399 782 447 ipse
797 411 840 435 con-

104 456 169 501 fitetur,
182 470 218 495 non
232 457 290 495 subito
299 456 321 494 ad
330 457 383 494 huius
397 456 514 494 abstinentiae
528 456 651 494 celsitudinem
661 459 748 505 pervenit,
757 458 788 494 sed
798 471 839 494 cum

104 525 184 565 tempore
197 518 295 554 successive
309 530 340 566 per
353 517 424 566 gradus,
438 515 524 565 paulatim
537 515 620 553 videlicet
636 515 669 553 sibi
683 516 705 554 de
718 515 757 554 cibo
771 516 839 554 subtra-
864 546 866 549 .

86 606 87 609 ,
104 574 149 613 heus
162 576 259 623 modicum,
268 590 360 626 quousque
373 576 446 613 tandem
459 575 546 613 abstinere
559 576 617 625 potuit
630 588 661 624 per
673 585 738 613 totum.
748 575 839 613 Abstinuit

105 637 319 683 1111111,11111111111113,
334 635 355 673 ab
369 638 418 674 omni
435 635 544 685 corruptibili
563 635 603 673 cibo
621 637 655 673 iarn
670 636 687 672 in
701 649 768 673 annum
782 635 839 672 ferme

105 697 218 746 vigesimum.
227 687 284 732 Huius
294 697 326 732 viri
341 696 429 744 exemplo,
438 695 500 733 fratres
509 697 551 740 mei,
560 696 682 746 unusquisque
692 706 773 733 vestrum
783 695 839 732 discat

104 754 136 791 sibi
150 754 228 804 quotidie
241 754 306 803 aliquid
316 754 337 791 de
347 754 392 801 cibo,
400 765 417 791 et
427 764 471 803 potu
482 767 513 804 pro
521 755 554 792 Dei
563 768 624 793 amore
637 754 745 799 subtrahere,
754 766 838 792 1111111-

104 823 141 850 scat
153 814 222 862 corpori
232 826 270 859 suo,
279 827 315 850 non
329 822 416 863 quantum
431 823 495 862 potest,
505 814 535 851 sed
545 825 629 862 qnantum
643 815 685 851 satis
695 825 721 851 est
730 814 751 851 ad
765 825 839 851 naturae

52 879 53 883 ’
104 874 262 917 sustentationem,
277 873 384 909 ministrare.
397 872 460 909 Paucis
473 874 521 909 enim
534 873 659 922 minimisque,
675 874 736 911 boetio
750 882 838 918 testante,

104 943 166 970 natura
183 942 265 970 contenta
282 942 318 976 est,
332 933 382 969 cuius
400 933 498 969 satietatem
516 933 530 968 si
548 931 640 981 superfluis
657 942 714 970 tentet
730 946 794 983 urgere
808 932 839 970 ali-

104 994 175 1037 mentis,
188 1003 218 1029 111
232 992 347 1029 iniucundum
356 992 392 1035 fiet,
403 991 451 1040 quod
461 990 553 1038 infuderis,
563 1002 592 1028 aut
601 993 691 1029 nocivum.
706 992 773 1029 Multas
783 993 839 1041 aegri-

104 1052 175 1090 tudines
189 1051 244 1089 multa
257 1050 324 1088 fercula
337 1051 415 1099 pariunt,
429 1061 446 1087 et
459 1051 526 1087 ventris
539 1051 627 1100 ingluvies
640 1060 720 1088 ruentem
733 1051 809 1096 hebetat,
822 1063 839 1088 11

860 882 947 921 1111111111-

860 923 947 950 rcnrnpaucrs.

64 1112 66 1115 ’
104 1113 159 1148 vitam
173 1112 243 1148 cruciat.
257 1111 305 1147 Dicit
314 1111 361 1146 enim
373 1111 400 1147 vir
411 1111 490 1158 sapiens:
505 1110 567 1147 Dulcis
581 1121 607 1158 est
621 1123 695 1147 somnus
707 1113 794 1160 operanti,
805 1112 842 1148 sive
860 1119 930 1152 1111111,

104 1183 173 1219 parum,
187 1171 223 1207 sive
236 1169 313 1210 multum
328 1169 420 1216 comedat;
434 1170 516 1207 saturitas
532 1179 592 1206 autem
609 1170 668 1207 divitis
685 1183 721 1207 non
739 1172 782 1207 sinit
798 1184 839 1207 enm

104 1228 189 1266 dormire.
203 1229 244 1265 Sine
257 1229 337 1265 satietate
350 1227 451 1276 implendus
466 1238 492 1264 est
501 1239 569 1275 venter,
578 1238 595 1265 et
608 1229 646 1265 sine
659 1227 730 1266 fastidio
749 1229 840 1266 demensa

104 1288 219 1338 surgendum,
229 1299 248 1325 ut
262 1287 345 1325 videlicet
358 1286 437 1331 edamus,
447 1301 483 1325 11011
497 1298 583 1336 quantum
593 1301 696 1336 possumus,
707 1287 738 1325 sed
745 1298 839 1338 quantum,

104 1348 206 1397 postulante
223 1358 294 1394 natura,
307 1346 399 1385 debemus.
414 1347 507 1384 Monachis
524 1357 583 1384 autem
596 1348 673 1385 maxime
687 1348 759 1385 vitanda
775 1357 802 1386 est
816 1349 840 1384 ci-

104 1407 168 1445 borum
183 1407 267 1444 varietas:
281 1419 332 1453 nam,
346 1407 377 1455 qui
395 1406 491 1443 esculentis
508 1407 560 1443 variis
578 1408 641 1451 utitur,
656 1407 695 1455 plus
709 1420 762 1455 quam
777 1417 840 1444 natura

104 1468 164 1516 exigit,
178 1468 259 1517 ingerere
272 1465 367 1503 stomacho
380 1475 457 1512 tentans,
467 1479 504 1503 non
517 1467 555 1503 sine
568 1466 620 1515 gulae
630 1467 674 1503 vitio
684 1466 772 1515 epulatur.
786 1467 847 1503 Vires

104 1528 152 1564 enim
166 1528 246 1576 corporis
259 1527 315 1563 nostri
329 1524 429 1571 moderato,
443 1536 461 1562 et
474 1526 551 1573 simplici
564 1537 605 1562 sunt
619 1525 658 1562 cibo
674 1525 789 1573 reficiendae,
803 1539 840 1563 non

102 1596 162 1623 autem
175 1586 234 1631 variis,
245 1595 262 1621 et
275 1585 336 1622 multis
350 1585 427 1633 turpiter
440 1577 574 1634 opprimendae,
584 1585 624 1633 quia
637 1598 673 1622 non
688 1597 752 1634 corpus
766 1594 840 1634 propter

104 1657 169 1691 escam,
183 1644 213 1681 sed
227 1656 265 1681 esca
279 1653 352 1693 propter
366 1655 432 1691 corpus
446 1653 502 1680 creata
516 1653 548 1680 est.
563 1642 617 1687 Quod
630 1644 677 1680 eninr
691 1644 751 1681 varios
764 1645 840 1693 corpori

104 1703 176 1741 morbos
193 1702 253 1740 afferat
271 1702 352 1740 ciborum
370 1704 456 1749 varietas,
471 1704 584 1752 antiquorum
602 1705 719 1752 temperantia
736 1703 840 1753 probamus,

104 1776 149 1811 quos
166 1762 260 1800 uniformis
278 1763 412 1799 esculentorum
427 1762 532 1812 simplicitas
551 1763 568 1799 in
583 1762 616 1800 hac
628 1764 666 1799 vita
680 1762 781 1800 diutissime
799 1775 840 1800 con-

104 1825 186 1861 servavit.
201 1825 325 1862 Sanctissimus
339 1833 400 1860 autem
414 1824 507 1861 institutor
518 1834 584 1869 noster,
593 1824 693 1872 principum
707 1824 839 1861 monachorum

104 1885 186 1921 omnium
200 1883 343 1921 modestissimus
357 1882 485 1931 hierophantes
498 1882 604 1919 Benedictus
618 1896 705 1920 canonem
723 1883 775 1920 nobis
790 1896 840 1931 prae-

104 1934 174 1991 scripsit
182 1955 251 1979 summa
260 1941 367 1979 discretione
376 1942 486 1988 decoratum,
495 1943 513 1978 in
523 1955 559 1990 quo
566 1954 666 1979 mensuram
677 1941 758 1979 ciborum
767 1944 840 1991 cupiens

104 2001 197 2039 ostendere
210 2002 308 2048 monachis,
322 2001 370 2038 dicit.
384 2000 469 2038 Sufficere
484 2001 572 2038 credimus
586 2002 607 2038 ad
621 2002 736 2039 relectionem
751 2002 839 2051 quotidia-

104 2073 145 2097 nam
158 2070 194 2097 tam
209 2070 274 2105 sextae,
288 2073 341 2110 quam
355 2073 413 2098 nonae
426 2059 511 2097 omnibns
520 2062 586 2097 mensis
601 2070 651 2097 cocta
665 2061 700 2098 dno
715 2061 839 2109 pulmentaria,

104 2130 178 2169 propter
191 2120 301 2158 diversorum
315 2119 434 2166 infirmitates,
449 2130 473 2167 ut,
487 2120 517 2169 qui
531 2119 606 2157 forsitan
620 2132 640 2157 en
653 2133 689 2157 uno
707 2133 743 2158 non
759 2121 839 2169 potuerit

104 2181 161 2227 edere,
176 2192 196 2217 ex
209 2180 244 2217 alio
257 2180 350 2217 reficiatur.
365 2180 413 2229 Ergo
427 2180 463 2217 dno
473 2179 591 2227 pulmentaria
601 2189 652 2217 cocta
661 2179 745 2217 omnibus
755 2180 849 2218 fratribus,
870 2196 875 2202 ·’

62 2284 63 2287 ¹
101 2238 195 2276 sufficiant.
208 2240 235 2285 Et,
249 2240 263 2275 11
277 2238 342 2277 fuerint
360 2238 385 2276 ibi
399 2251 459 2286 poma,
473 2250 502 2274 aut
520 2240 609 2275 nascentia
627 2240 749 2289 leguminum,
764 2239 838 2276 addatur
946 2230 961 2264 's‘

48 2331 50 2334 .
68 2307 69 2310 ’
104 2309 121 2334 et
135 2299 213 2335 tertium.
227 2299 245 2335 Si
258 2308 336 2336 mentem
350 2298 459 2346 legislatoris
472 2299 529 2335 nostri
542 2311 584 2335 sane
598 2299 789 2347 intelligo‚monacl1is
803 2299 839 2336 duo

104 2356 222 2405 pulmentaria
235 2368 284 2394 cocta
297 2357 376 2403 indulsit,
390 2356 420 2394 nbi
437 2358 534 2394 necessitas
552 2358 652 2407 expostulat
670 2358 783 2406 infirmitatis,
802 2372 838 2396 non

104 2415 125 2452 ad
138 2429 221 2453 sanorum
235 2416 350 2466 repletionem
365 2417 459 2465 appetitus.
474 2417 572 2454 Monachus
586 2418 643 2464 enim,
658 2419 687 2467 qui
700 2431 754 2455 sanus
768 2429 803 2465 est,
818 2418 838 2455 ab

104 2474 137 2512 hac
149 2475 259 2525 indulgentia
273 2478 337 2513 merito
352 2477 444 2524 excipitur,
458 2486 478 2511 ut
495 2489 530 2513 uno
549 2476 640 2513 dumtaxat
652 2477 771 2525 pulmentario
786 2486 839 2514 cocto

104 2534 198 2571 reficiatur.
212 2534 293 2572 infirmus
306 2545 364 2572 antem
379 2534 427 2571 refici
442 2534 463 2570 de
477 2545 552 2584 utroque
562 2548 600 2572 mea
614 2536 700 2572 sententia
714 2537 752 2572 iure
767 2537 839 2584 permit-

103 2595 152 2641 titur,
166 2607 207 2630 cum
224 2607 305 2631 excessus
323 2595 340 2631 in
358 2594 408 2631 nullo
426 2594 515 2631 timeatur.
530 2595 597 2631 Verum
616 2608 655 2631 cum
673 2607 708 2632 non
722 2597 783 2633 omnia
798 2610 839 2646 pos—

103 2655 159 2690 simus
169 2653 264 2702 aequtliter
273 2666 342 2698 omnes,
354 2663 371 2689 et
381 2665 426 2689 unus
436 2652 475 2702 plus
485 2653 563 2701 indigeat
573 2653 659 2701 ciborum,
668 2654 712 2691 alius
721 2668 765 2692 vero
772 2657 839 2703 minus,

103 2712 213 2762 impossibile
227 2724 252 2750 est
266 2726 318 2750 1111111
333 2711 449 2750 abstinentiae
463 2712 540 2750 formam
553 2712 671 2762 praescribere
685 2715 760 2762 cunctis,
769 2715 800 2753 sed
812 2729 838 2753 11-
