1968 3023
141 157 174 201 196
334 156 382 202 Quae
394 157 426 193 sint
438 168 487 194 verat
499 156 596 194 larnaib'tatis
610 158 677 195 indicia.

138 232 188 279 darnt,
202 244 254 283 atque
268 235 373 284 superfluos.
390 236 492 280 Enimvero,
506 238 536 286 qui
549 249 590 274 vere
603 238 676 275 humilis
690 247 724 285 est,
738 239 871 276 mundanorum

137 305 174 330 noo
181 293 279 331 delectatur
288 296 390 344 colloquiis3
404 297 488 346 qnoniam
501 310 542 345 sepe
551 297 652 345 impediunt
661 298 774 347 propositum
784 299 871 347 puritatis.

137 353 195 389 Amor
205 353 270 392 Christi
280 368 316 392 raon
325 356 383 406 diligit
392 356 487 405 publicum.
501 357 589 395 Octavum
603 370 657 406 supra
666 356 754 394 decimum
765 357 871 395 humilitatis

137 414 218 462 signmn,
233 415 316 453 omnibus
332 416 438 465 patientibus
455 421 528 465 propter
541 417 607 454 Christi
625 429 706 455 amorem
720 430 742 454 ex
755 418 808 455 corde
823 430 871 455 com·

138 473 211 521 patitur;
222 483 239 511 et
248 475 324 512 aliorum
338 475 423 521 defectus,
437 476 583 525 infirmitatesque
595 476 725 525 patientissime
738 467 807 521 tolerat¹
818 487 871 526 atque

137 545 170 580 pro
180 533 321 583 delinquentium
331 535 454 573 emendatione
463 545 508 574 orat.
515 537 562 574 Vera
571 549 647 585 namque
656 536 748 574 humilitas
758 536 871 586 peccantibus

138 591 213 628 infirmis
223 593 291 631 viscera
301 595 376 642 pietatis,
388 605 404 631 et
418 596 545 644 compassionis
560 596 639 644 exhibet:
653 595 697 633 falsa
710 605 776 643 autern,
786 597 871 634 et¹simun

137 650 181 695 lata,
195 654 280 700 quoniam
294 666 334 702 uere
347 653 429 702 snperbia
442 664 478 701 est,
491 655 541 699 dura,
556 665 573 692 et
588 655 684 693 indiscreta
699 657 794 693 severitate
809 666 871 693 contra

136 711 208 760 fragiles
224 722 281 750 tumet
298 713 395 762 multisque
409 713 428 750 fit
441 727 492 751 causa
506 715 588 764 periculi,
604 714 674 763 qnando
688 716 705 752 in
714 715 827 764 'corrigendo
842 729 871 752 eu,

137 771 185 809 cedit
198 784 280 809 normam
295 772 384 810 charitatis
397 773 436 810 Dei.
450 773 486 818 Qui
500 783 560 810 autern
573 775 658 811 veraciter
671 785 698 811 est
710 775 788 812 Humilis
801 788 871 823 semper

137 831 212 868 modum
226 833 341 869 correctionis
355 831 434 870 debitum
447 833 498 870 ritaret
511 832 605 879 excedere;
620 844 637 870 et
645 834 686 871 ideo
696 834 734 884 plus
744 834 840 871 inclinatur
849 834 870 871 ad

137 890 289 937 misericordiam,
304 905 356 941 quam
370 891 391 929 ad
407 893 480 930 nimiam
498 893 616 930 severitatem.
633 894 707 931 Nonum
724 905 764 943 post
780 894 869 931 decimum

136 947 195 988 verae¹
202 951 308 988 humilitatis
319 951 410 996 indicium,
420 951 440 989 ab
451 953 500 989 omni
509 962 587 989 mentem
601 963 703 1003 praeservat
715 954 792 1000 inuidia;
803 964 819 991 et
829 967 870 990 caris-

137 1012 170 1048 ctis
183 1012 288 1049 hominibus
301 1012 356 1059 lavet,
369 1024 386 1050 et
400 1014 512 1062 imprecatur.
528 1013 603 1050 Divinae
615 1014 686 1062 pietatis
700 1027 773 1051 munera
786 1015 831 1052 nuth
844 1016 870 1052 in-

136 1071 193 1118 uidet3
202 1071 278 1119 gratiam
287 1072 320 1109 Dei
333 1072 417 1109 narratibus
426 1082 476 1118 aven,
486 1072 586 1109 stallorum
600 1071 710 1122 profectibus
720 1075 825 1123 congaudet.
834 1074 870 1111 Ne-

136 1132 204 1168 minem
211 1131 246 1168 Dei
254 1131 343 1169 beneficiis
351 1133 444 1181 indignum
453 1133 595 1179 iudicat301nnes
605 1146 623 1169 se
633 1133 717 1169 meliores
724 1142 780 1181 putat.
786 1134 871 1171 Commo-

117 1184 119 1187 *
136 1190 179 1228 dum
188 1192 313 1239 proximorum
322 1205 374 1229 suarm
383 1192 477 1237 existimat,
485 1193 570 1241 quoniam
579 1205 647 1238 omnes,
655 1203 675 1229 ut
684 1192 808 1241 semetipsum,
817 1202 869 1230 arnat.

183 1252 200 1289 V
202 1251 296 1300 igesimum
306 1250 394 1300 perfectae
405 1252 510 1289 humilitatis
523 1253 600 1300 signnm,
609 1251 744 1289 multitudinem
755 1261 870 1301 peccatorum

136 1323 211 1347 snorum
225 1323 266 1348 cum
281 1310 398 1348 arataritudine
416 1311 473 1348 cordis
487 1311 629 1348 admemoriam
646 1321 726 1356 revocat3
740 1321 758 1347 et
775 1323 870 1360 propterea

135 1384 154 1408 se
168 1372 218 1407 oinoi
231 1369 325 1417 beneficio,
334 1381 351 1408 et
364 1371 419 1419 gratia
431 1371 465 1407 Dei
478 1370 570 1420 indignum
583 1380 638 1418 putat.
652 1370 705 1407 Unde
718 1370 827 1418 protundum
836 1371 869 1408 hu-

135 1430 217 1468 militatis
234 1441 308 1478 petens,
323 1430 436 1480 publicanum
453 1430 534 1467 imitatur
546 1430 681 1478 euangelicum3
695 1431 726 1479 qui
738 1443 813 1467 suorum
826 1429 869 1467 deli-

135 1501 205 1528 ctorum
218 1489 285 1527 habens
299 1490 412 1535 memoriam,
427 1502 458 1526 nec
471 1489 533 1527 oculos
546 1488 616 1526 volebat
629 1488 698 1526 elevate
712 1490 730 1526 in
744 1489 817 1527 caelum.
832 1490 869 1527 hlo-

134 1549 202 1587 nachus
220 1550 278 1596 earini,
292 1550 322 1597 qni
336 1562 368 1597 pro
382 1548 448 1585 Christi
465 1561 525 1585 aurore
539 1548 624 1585 veraciter
637 1558 664 1585 est
678 1548 751 1585 humilis
767 1561 837 1596 semper
851 1550 869 1586 in

135 1608 188 1646 corde
201 1621 234 1645 suo
249 1608 392 1657 compunctionis
405 1617 474 1644 sanctae
488 1608 532 1657 gerit
545 1608 640 1651 tristitiam,
651 1617 668 1644 et
681 1620 749 1650 eorum¹
764 1620 809 1655 quae
821 1607 868 1652 fecit,

134 1669 235 1714 malorum,
250 1668 384 1715 poenitentiam.
400 1667 513 1714 Vigesirnum
530 1667 608 1715 primum
627 1665 749 1703 coenobiticae
762 1666 868 1704 lunniliratis

133 1728 229 1773 indicium,
245 1727 285 1775 plns
298 1727 382 1771 aliorum,
397 1739 449 1776 quam
463 1739 495 1764 suo
509 1725 564 1763 credit
582 1726 657 1773 iudicio;
671 1735 688 1762 et
701 1727 792 1774 propriam
804 1726 868 1763 volun-

133 1798 188 1826 tatem
202 1798 274 1836 propter
288 1786 380 1824 Christum
394 1787 468 1834 imperio
482 1786 560 1824 totaliter
573 1785 643 1823 subiicit
656 1786 720 1823 alieno.
738 1785 836 1823 Attendant
850 1787 868 1823 in

133 1847 190 1894 vobis,
198 1848 228 1896 qni
237 1847 305 1895 proprii
315 1845 377 1894 c'apitis
387 1847 414 1883 sui
423 1856 520 1895 sequuntur
529 1845 622 1889 iudicium,
630 1846 644 1882 si
654 1844 786 1894 apprehendere
798 1855 867 1893 queant,

133 1917 163 1945 am
172 1907 227 1944 velint
241 1907 276 1944 hoc
286 1906 395 1943 monasticae
403 1905 509 1942 hutnilitatis
518 1906 594 1954 signum.
608 1905 667 1942 Verae
676 1916 753 1953 natnque
762 1904 868 1941 humilitatis

132 1966 242 2004 monasticae
256 1979 323 2015 paucos
336 1965 390 2002 hodie
404 1964 526 2001 observatores
540 1964 635 2009 cernimus,
646 1963 676 2013 qui
689 1962 748 2011 plures
762 1976 800 2000 earn
813 1963 867 2011 profi-

132 2036 190 2063 tentes
203 2025 301 2062 monachos
310 2023 398 2062 videmus.
413 2023 527 2072 Otempora,
537 2037 547 2060 o
557 2036 625 2070 mores3
638 2023 657 2059 in
670 2021 734 2071 quibus
747 2022 867 2060 humilitatem

132 2085 256 2134 promittimus
269 2097 338 2130 omnes,
352 2094 369 2121 et
382 2083 489 2132 promissam
504 2083 592 2120 custodire
605 2082 710 2119 inviolatam
724 2083 826 2130 paucissimi
839 2094 868 2119 ve-

132 2146 195 2181 raciter
205 2156 297 2180 curamus:
308 2144 424 2192 Vigesimum
435 2142 533 2179 secundum
543 2141 662 2179 coenobiticae
672 2141 778 2178 humilitatis
790 2142 867 2191 signum,

131 2212 189 2239 vestes
203 2202 291 2251 pulchras,
305 2214 366 2245 nouae,
380 2202 470 2251 preciosas
483 2199 599 2248 abominatur,
613 2210 630 2238 et
643 2201 724 2249 despicit,
739 2211 755 2237 et
768 2201 828 2237 omnia
842 2202 867 2238 ln-

132 2263 216 2299 dumenta
229 2260 250 2298 ab
263 2261 301 2298 aliis
320 2262 398 2310 proiecta
415 2259 490 2305 habere,
509 2269 526 2296 et
543 2260 616 2297 induere
634 2259 750 2309 concupiscit.
768 2258 867 2297 Vilioribns

131 2321 186 2358 libens
204 2322 270 2367 utitnr;
283 2330 300 2358 et
315 2321 383 2368 inlus,
397 2333 441 2370 quae
459 2329 576 2357 contemnunt
593 2320 632 2364 alii,
646 2320 745 2369 plurimum
763 2319 866 2357 delectatur.

130 2381 172 2418 Non
189 2381 252 2418 decent
269 2380 378 2418 irretraclnnn
390 2380 496 2417 vestimenta
509 2379 591 2427 pulchra,
605 2390 622 2416 et
635 2388 698 2417 ornate
712 2380 821 2428 composita,
836 2379 867 2416 sed

131 2440 226 2477 vilissima:
237 2439 300 2489 quibus
310 2439 415 2477 defendatur
424 2451 488 2487 corpus
498 2438 519 2475 ab
528 2439 572 2475 aeris
582 2440 694 2487 intemperati
703 2437 788 2475 duntaxat
797 2438 866 2475 iniuria.

131 2499 196 2535 Omnis
210 2499 258 2536 enim
273 2499 365 2536 curiositas
379 2497 471 2536 interdicta
485 2506 511 2533 est
525 2497 656 2543 claustralibus3
671 2497 700 2546 qni
714 2496 782 2534 tatione
798 2497 866 2545 proles-

130 2558 185 2594 sionis
199 2571 241 2594 suae
255 2570 315 2594 coram
324 2557 364 2594 Deo
373 2558 434 2601 hetae,
444 2556 465 2594 ad
475 2556 537 2593 ntrrrrdi
547 2565 671 2605 contemptum
685 2555 791 2605 obligantur.
802 2556 866 2593 Humi·
876 2584 877 2587 ,

130 2617 170 2653 litas
186 2616 221 2654 alta
234 2616 290 2666 fugit·
306 2631 351 2666 quae
364 2616 439 2654 hutnilia
453 2625 501 2662 sumt,
516 2618 588 2664 quaerit.
602 2617 685 2654 Tertium
698 2616 745 2653 ultra
758 2616 866 2665 vigesimum

286 2648 291 2663 7

130 2676 235 2714 humilitatis
249 2678 358 2714 monasticae
367 2678 438 2726 signum
450 2676 527 2713 ostendit
538 2676 647 2713 irroraachum
656 2675 740 2714 seruilem
749 2674 838 2719 fratribus¹
849 2685 866 2712 et
