1968 3023
360 180 386 218 De
397 194 460 228 soriano,
475 188 489 219 et
501 182 560 231 uigilia
573 183 694 222 arzonaclaortuu.

287 333 314 361 De
324 342 383 367 sorano,
394 335 409 362 el
418 333 474 371 va'gr‘lia
484 334 603 364 monachornm.
624 334 696 364 Homilia
706 334 763 365 XVII.

161 446 306 535 Monaeses,
313 444 342 491 qui
352 455 370 478 se
380 443 487 479 moriturum
496 456 567 492 semper
577 444 648 493 cogitat,
656 443 724 480 nullum
731 453 803 494 tempus
810 446 891 481 ociosum
927 466 928 469 =

228 501 303 537 transire
314 502 406 550 permittit.
415 502 462 538 Dicit
472 502 518 538 enim
529 504 628 551 scriptura:
638 503 739 540 Memorare
748 504 846 540 novissima
856 514 892 550 tua,

160 569 176 596 et
192 561 210 596 in
224 570 317 598 aeternum
330 574 366 598 uon
379 559 464 609 peccabis.
485 561 527 605 Quo
547 571 607 598 contra
621 561 642 598 de
656 560 757 607 obliviosiS,
771 571 789 598 et
806 562 891 600 inertibus

70 633 110 658 Deua.
120 639 140 665 32·
160 629 185 656 est
198 621 297 669 scripturn:
313 621 361 658 Gens
374 619 439 669 absque
452 620 527 658 consilio
542 632 575 667 est,
591 631 607 658 et
620 622 658 658 sine
671 622 768 670 prudentia,
783 623 851 660 utinam
865 636 891 659 sa-

159 689 227 728 perent,
235 689 251 716 et
261 679 385 729 intelligerent,
395 692 414 716 ac
423 680 521 717 novissima
530 680 649 729 providerent.
660 680 747 718 Memoria
756 682 820 719 mortis
830 682 890 719 animo

159 739 226 776 inducit
239 739 357 788 vigilantiam,
372 750 389 776 et
402 752 475 776 omnem
488 740 576 789 extinguit
590 740 707 777 inordinatam
721 741 785 777 mentis
799 741 891 790 cogitatio·

159 812 205 836 nem.
220 799 257 842 Qui
270 808 348 836 mortem
367 808 414 836 tecte
430 800 502 843 metuit,
517 812 609 848 nunquam
627 800 645 836 in
662 798 709 836 bono
726 812 780 848 opere
799 801 890 849 torpescit.

69 865 139 897 Eccleaa-
158 858 206 895 Dicit
220 871 297 907 namque
312 859 339 895 vir
352 858 432 906 sapiens:
451 858 578 908 Quodcunque
592 859 649 896 facere
662 867 720 908 potest
738 872 801 896 tnnnus
815 869 850 903 tua,
865 861 890 896 in-

159 928 225 954 stanter
238 931 323 966 operare,
338 918 379 967 quia
392 931 424 954 nec
438 931 491 966 opus,
505 931 539 955 nec
552 919 607 962 ratio,
622 931 654 954 nec
668 918 757 967 sapientia,
771 931 804 955 nec
817 919 890 956 scientia

159 988 210 1015 eruut
226 977 272 1027 apud
289 977 366 1021 inferos,
381 991 416 1027 quo
429 988 447 1014 tu
461 979 552 1026 properas.
566 978 667 1015 Monachus
681 978 733 1021 enim,
747 978 777 1027 qui
790 990 843 1014 verus
856 979 890 1015 Dei
935 984 937 990 '

159 1038 216 1075 cultor
226 1049 260 1083 est,
270 1037 340 1074 nullum
349 1038 435 1085 temporis
448 1048 562 1075 momentum
571 1037 658 1074 inutiliter
667 1036 755 1085 expendit,
766 1037 797 1074 sed
806 1037 889 1074 noctibus

158 1107 210 1146 atque
230 1097 292 1134 diebus
306 1098 324 1134 in
338 1097 422 1134 exercitio
441 1096 483 1133 boni
503 1097 563 1145 operis
583 1110 653 1145 semper
667 1095 745 1145 vigiliam
764 1097 830 1133 mentis
848 1109 889 1133 curu

157 1170 228 1193 summa
242 1156 337 1194 devotione
347 1157 421 1205 peragit,
432 1165 453 1200 et,
464 1168 539 1204 corpore
552 1155 649 1202 dormiens,
657 1157 675 1192 in
684 1156 743 1192 animo
753 1165 855 1193 constanter
868 1156 889 1192 ad

158 1217 192 1252 Dei
204 1216 280 1252 nuncios
293 1214 347 1252 dicit:
366 1215 403 1263 Ego
417 1214 493 1258 dormio,
508 1226 525 1252 et
538 1228 569 1252 cor
582 1228 643 1252 meum
656 1213 722 1263 vigilat.
737 1215 815 1252 Somnus
828 1216 888 1265 imago

158 1284 184 1310 est
198 1274 271 1319 mortis,
285 1283 303 1309 et
316 1277 401 1310 sensuum
419 1274 499 1322 corporis
512 1272 585 1321 ligatio:
599 1275 629 1322 qui
643 1283 703 1310 autem
715 1286 767 1310 verus
781 1286 849 1311 amator
863 1284 889 1312 est

157 1334 231 1379 Christi,
246 1334 299 1370 etiam
313 1333 404 1370 dormiens
417 1345 498 1384 corpore,
512 1343 571 1370 mente
586 1332 656 1381 vigilat,
671 1344 758 1381 oransque
767 1332 888 1371 indesinenter

156 1393 177 1430 ad
191 1393 291 1430 Dominum
308 1392 397 1429 charitatis
411 1392 473 1429 affectu
490 1392 564 1429 clamat:
579 1393 625 1429 Ante
639 1403 655 1429 te
669 1402 695 1428 est
708 1405 762 1429 omne
780 1391 888 1430 desiderium

156 1465 223 1497 meum,
232 1462 250 1489 te
259 1453 351 1489 somnians
361 1452 421 1500 cogito
434 1452 473 1488 lesu
488 1451 571 1488 crucifixe
585 1464 635 1488 amor
648 1464 704 1488 meus.
718 1450 813 1498 Erubesce,
823 1451 886 1489 fratres

156 1513 199 1557 mei,
213 1522 231 1548 et
244 1512 360 1548 vehementer
374 1510 473 1548 confundor
486 1511 507 1548 de
521 1510 613 1559 vigilantia
631 1510 759 1548 monachorum
775 1511 837 1549 afferre
851 1525 887 1549 ser-

156 1585 239 1609 monem:
256 1572 297 1620 quia
313 1571 356 1607 dum
371 1570 514 1619 praecedentium
532 1581 634 1607 sanctorum
649 1571 721 1606 Patrum
738 1571 886 1608 consuetudinem

156 1631 241 1680 vigilandi
259 1630 280 1667 atl
297 1631 404 1673 memoriam
417 1643 490 1673 revoco,
507 1642 561 1679 quam
578 1629 632 1679 longe
649 1629 669 1666 ab
687 1629 758 1666 illorum
776 1629 886 1678 perfectione

155 1690 207 1727 distet
220 1699 282 1727 nostra
295 1688 394 1735 infirmitas,
403 1701 484 1726 moerens
498 1701 615 1738 recognosco.
629 1688 656 1725 llli
666 1688 725 1726 divino
734 1691 815 1726 succensi
824 1702 886 1727 amore

154 1750 172 1786 in
186 1750 219 1785 Dei
233 1748 314 1785 laudibus
330 1758 391 1786 noctes
405 1749 481 1796 integras
495 1747 597 1796 frequenter
611 1747 699 1785 duxerunt
715 1748 818 1786 insomnes:
833 1749 886 1786 nobis

154 1818 214 1845 autem
224 1808 309 1845 horarum
321 1818 362 1845 octo
376 1807 455 1856 spacium
468 1806 569 1844 dormiendi
578 1808 607 1844 vix
617 1806 705 1844 interdum
714 1807 784 1845 videtur
797 1808 884 1853 sufficere,

155 1880 230 1917 quarum
244 1877 284 1904 ante
297 1867 405 1904 Matutinum
419 1868 503 1916 quinque,
515 1878 581 1916 postea
594 1880 636 1904 vero
649 1864 684 1904 t'res
698 1866 788 1903 brevitatis
802 1880 885 1904 accusare

76 1941 133 1965 Samius
154 1940 190 1964 nou
204 1940 300 1964 cessamus.
318 1927 366 1963 vera
379 1927 426 1963 enim
441 1926 573 1964 Monachorum
591 1925 695 1974 abstinentia
709 1939 744 1963 non
757 1926 816 1963 solum
830 1927 848 1966 in
862 1928 885 1964 ci-

46 1983 84 2034 gssgs,
91 1975 133 2043 Ἐξ
153 1985 224 2032 borum,
233 1996 250 2022 et
264 1995 340 2034 potuum
354 1986 460 2034 parsimonia
475 1986 563 2031 consistit,
574 1986 605 2022 sed
619 1986 672 2022 etiam
681 1986 699 2022 in
708 1985 809 2034 vigiliarum
820 1986 842 2023 ad
851 1987 885 2023 Dei

46 2044 86 2069 cibus.
153 2045 224 2082 laudem
238 2044 380 2089 continuatione,
394 2045 433 2093 quia
447 2045 500 2081 stulta
514 2056 541 2081 est
554 2046 651 2082 maceratio
665 2045 728 2090 camis,
743 2045 760 2081 in
774 2058 808 2094 qua
821 2057 884 2082 venter

153 2103 173 2140 ab
187 2104 232 2141 escis
246 2104 366 2152 restringitur,
377 2113 393 2139 et
407 2112 465 2139 totum
479 2116 544 2152 corpus
558 2116 590 2151 per
603 2103 742 2141 somnolentiam
755 2104 883 2153 impinguatur.
923 2132 925 2134 -

151 2163 193 2200 Non
206 2163 266 2200 solum
280 2163 346 2212 quippe
360 2175 423 2210 corpus
437 2161 483 2208 cibo,
494 2172 511 2199 et
520 2174 565 2211 potu
579 2164 637 2199 insui
651 2162 782 2200 subsistentiam
796 2163 882 2201 reficitur:

151 2223 181 2260 sed
195 2224 249 2260 etiarn
262 2223 322 2260 somni
334 2222 392 2271 quiete
406 2221 520 2259 reformatur.
535 2222 594 2266 Quale
604 2235 645 2259 nam
655 2232 681 2259 est
694 2222 737 2259 illud
751 2222 883 2260 Monachorum

151 2282 244 2328 ieiunium,
258 2280 307 2325 cibis,
320 2290 337 2317 et
350 2279 421 2329 potibus
434 2280 539 2318 abstinendo
553 2293 631 2329 parcere,
643 2291 659 2318 et
672 2293 736 2317 somno
750 2281 771 2317 ad
784 2283 883 2319 satietatem

151 2340 254 2388 indulgere?
268 2341 334 2377 Parum
343 2339 396 2376 refert
406 2339 453 2385 cibo,
463 2353 485 2376 an
494 2353 559 2377 somno
569 2340 638 2377 reficias
650 2352 719 2389 corpus,
729 2353 769 2377 cum
779 2342 797 2378 in
806 2351 883 2391 utroque

150 2401 220 2437 satietas
234 2401 257 2436 sit
270 2401 341 2437 vitium.
355 2399 450 2448 Propterea
463 2410 538 2444 veteres,
553 2409 570 2437 et
584 2400 636 2448 prirui
650 2399 780 2437 Monachorum
793 2402 883 2450 principes

150 2472 185 2496 non
199 2460 258 2496 minus
273 2457 383 2504 dormiendi,
397 2472 449 2508 quam
465 2458 580 2503 comedendi,
595 2470 646 2508 atque
660 2457 729 2496 bibendi
746 2461 882 2508 temperantiam

151 2517 276 2562 custodientes
285 2519 302 2555 in
311 2528 386 2567 utroque
394 2519 543 2555 continentissimi
550 2518 674 2566 perdurarunt.
683 2517 747 2555 Eorum
755 2518 809 2568 aliqui
817 2528 883 2556 stantes

150 2578 167 2613 in
179 2576 253 2625 pedibus
267 2578 309 2621 suis,
319 2578 373 2627 aliqui
386 2590 428 2615 vero
438 2590 490 2626 super
504 2577 569 2615 nudatn
583 2587 649 2614 terram
663 2578 746 2623 iacentes,
756 2579 882 2626 parcissimum

150 2645 222 2672 naturae
236 2649 321 2673 somnum
332 2645 464 2673 concesserunt.
479 2636 563 2681 Quorum
573 2650 609 2674 uon
618 2636 699 2673 infimum
709 2637 807 2674 sanctitutis
817 2638 881 2674 merito

149 2695 238 2746 quendam
251 2697 335 2733 novimus
349 2696 419 2733 dixisse:
430 2696 498 2733 Sufficit
512 2710 546 2733 una
560 2696 604 2734 hora
618 2695 705 2734 monacho
715 2696 736 2733 ad
746 2696 880 2744 dormiendum,

70 508 118 534 Eccles.
128 515 140 541 7.
