1968 3023
407 145 485 184 Hotnih'a
497 144 531 181 HI.
815 147 838 181 19

103 242 150 270 certe
162 240 233 269 scutum
246 229 307 267 salutis
320 229 338 265 in
351 224 433 264 titanibus
442 224 513 268 tenetis,
523 222 541 259 in
551 234 586 271 quo
596 228 670 258 cunctos
679 216 791 255 adversarios
800 214 838 263 ipse

102 281 186 341 largiente
195 291 274 328 Domino
284 288 334 325 facile
343 284 455 335 superabitis.
464 284 491 320 De
501 282 534 319 hac
543 291 632 318 armatura
641 279 727 326 scriptum
737 285 770 312 est:
778 272 839 311 Sancti
859 280 900 308 nent.
909 288 930 307 11.

103 364 134 400 per
147 350 200 388 fidem
209 351 291 387 vicerunt
304 359 364 396 tegna,
374 345 443 395 operati
457 353 498 380 sunt
511 341 604 385 iustitiam,
616 338 676 386 adepti
689 347 730 374 sunt
743 336 839 384 repromis-

103 412 178 448 sionem.
190 411 266 447 loannes
279 420 350 458 quoque
367 406 398 442 ait:
413 404 482 449 Omne,
501 400 550 451 quod
565 408 627 436 natum
641 407 667 434 est
681 410 702 434 ex
717 397 768 442 Deo,
783 396 838 432 vincit
860 395 946 429 1·l⁰³1¹115·

103 469 198 507 mundum:
212 479 229 506 et
242 469 285 505 haec
298 478 324 504 est
336 464 422 509 victoria,
437 475 482 513 quae
495 461 551 498 vincit
565 458 663 503 mundum,
677 455 721 492 fides
738 463 804 491 nostra.
817 454 840 490 Et

103 529 186 577 Princeps
200 527 329 577 Apostolorum
341 527 411 571 Petrusj
421 524 445 561 ita
458 522 490 559 nos
505 528 615 563 commonet,
625 517 693 555 dicens:
704 516 774 553 Fratres
783 513 839 551 sobrii
859 526 871 546 1=
879 520 932 552 rene

103 598 165 633 estote,
182 597 200 624 et
213 587 294 636 vigilate,
310 585 395 636 quoniam
409 583 520 621 adversarius
533 590 591 617 vester
605 576 692 623 diabolus,
705 586 796 624 tamquam
810 573 839 612 leo

103 648 175 696 rugiens
189 647 256 692 circuit,
266 658 350 695 quaerens
364 657 419 693 quem
432 643 513 684 devoret,
524 641 552 677 cui
561 638 639 676 resistite
648 637 704 675 fortes
714 637 731 673 in
741 635 781 672 fide.
792 634 838 671 Vera

103 705 151 748 fides,
165 715 181 742 et
195 704 299 742 confidentia
312 703 330 741 in
341 703 440 739 Dominum
450 711 532 737 nostrum
542 700 601 736 Iesum
611 697 703 734 Christum
714 705 740 732 est
749 705 839 731 armatura

73 782 75 787 ¹
103 763 216 809 invincibilis,
230 773 282 812 atque
295 762 399 799 fortissima:
414 761 443 797 cui
456 773 509 796 nenao
524 771 609 807 umquam
623 755 766 793 adversariorum
781 754 839 802 potuit

103 824 191 869 resistere,
206 824 252 860 sicut
268 823 286 859 in
304 821 348 859 libro
362 814 510 867 Paralipomenon
528 817 616 854 scribitur:
631 816 680 852 Dixit
698 815 734 852 Rex
754 813 838 862 iosaphat

104 882 187 919 exercitui
201 894 242 918 suo:
257 880 327 919 Credite
340 880 358 916 in
371 879 451 916 Domino
465 878 505 913 Deo
519 885 589 918 vestro,
604 884 621 911 et
635 874 692 911 securi
705 873 760 910 eritis.
773 873 794 909 Iu
807 873 838 909 Ec-

104 941 200 978 clesiastico
214 941 267 977 etiam
280 940 305 976 sic
318 939 402 987 legimus:
417 936 455 980 Qui
468 936 535 972 timetis
544 935 650 979 Dominum,
660 932 726 970 credite
736 932 766 978 ini,
776 941 793 969 et
802 944 838 969 non

104 999 216 1037 evacuabitur
229 1011 296 1035 merces
309 1007 374 1034 vestra
388 996 410 1033 Et
420 997 490 1033 iterum.
500 995 520 1031 ln
530 1006 583 1042 opere
593 1002 625 1029 tuo
635 992 686 1029 crede
696 1005 716 1028 ex
725 992 760 1028 fide
770 992 838 1028 animae

103 1068 150 1103 tuae,
164 1058 207 1094 haec
220 1068 246 1095 est
259 1057 306 1094 enim
321 1055 432 1093 conversatio
446 1053 578 1090 mandatorum.
593 1052 630 1096 Qui
641 1051 696 1088 credit
705 1052 752 1097 Deo,
763 1051 838 1089 attendit

104 1117 198 1154 mandatis:
213 1125 229 1154 et
243 1117 273 1165 qui
287 1114 360 1152 confidit
373 1115 390 1151 in
404 1113 442 1160 illo,
451 1125 487 1150 non
497 1112 595 1150 minoratus
605 1112 644 1147 erit.
654 1111 719 1148 Curate
728 1124 775 1148 nuuc
785 1111 839 1159 igitur

104 1176 165 1213 fratres
179 1176 283 1221 charissimi,
297 1183 315 1211 et
328 1186 400 1211 summo
413 1173 473 1210 studio
487 1184 558 1220 semper
572 1170 671 1217 elaborate,
685 1180 704 1207 ut
720 1181 791 1207 scutum
805 1169 839 1207 boc

104 1236 145 1273 fidei
157 1237 226 1273 Sanctis
239 1234 322 1284 operibus
336 1233 433 1279 formatae,
448 1243 509 1270 contra
527 1234 589 1267 onmes
607 1230 688 1267 hostium
700 1240 800 1267 vestrorum
814 1231 840 1267 in-

104 1307 175 1341 cursus,
193 1293 274 1331 manibus
290 1293 374 1342 portetis:
392 1292 433 1341 quia
450 1285 542 1340 nunquam
560 1288 580 1326 ab
597 1289 700 1326 adversario
712 1289 796 1335 uincitur,
810 1289 840 1338 qui

103 1355 138 1392 hoc
151 1363 202 1391 scuto
215 1353 348 1402 inexpugnabili
361 1352 447 1389 nrttrtitur.
460 1351 500 1388 Hoc
512 1350 570 1386 Divus
580 1348 688 1386 confirmans
697 1349 808 1398 Augustinus
818 1348 839 1385 de

104 1412 162 1450 verbis
175 1413 249 1450 Domini
260 1413 292 1450 ait:
302 1412 366 1449 Nullae
375 1412 452 1448 trraiores
463 1410 541 1455 divitiae,
550 1408 595 1445 nulli
604 1408 690 1454 thesauri,
701 1409 745 1446 nulli
754 1407 847 1453 honores,
868 1414 947 1455 Eideiprae-

104 1472 152 1509 nulla
164 1472 217 1509 huius
230 1471 292 1509 muudi
301 1472 359 1508 maior
372 1480 399 1508 est
412 1469 516 1513 substantia,
527 1481 579 1517 quam
594 1478 621 1505 est
634 1467 678 1505 fides
692 1467 784 1511 catholica,
794 1481 839 1517 quae
860 1456 910 1476 ”m

104 1542 205 1581 peccatores
218 1532 300 1569 homiues
313 1531 374 1573 salvat,
389 1543 451 1567 caecos
465 1529 559 1573 illuminat,
570 1528 651 1565 infirmos
661 1539 716 1575 curat,
728 1528 839 1565 catechume-

104 1588 233 1642 nosbaptizat‚
251 1589 311 1627 fideles
328 1589 419 1643 iustificat,
439 1589 550 1637 poenitentes
568 1597 642 1635 reparat,
660 1588 716 1624 iustos
734 1598 841 1637 augmentat,

104 1660 191 1698 martyres
205 1660 285 1695 coronat,
297 1649 381 1697 virgines,
394 1657 411 1684 et
425 1647 493 1691 viduas,
508 1656 525 1684 et
538 1645 640 1696 coniugales
654 1656 703 1684 casto
716 1646 784 1696 pudore
798 1660 840 1685 con-

104 1719 167 1755 servat,
180 1707 259 1745 Clericus
272 1707 349 1754 ordinat,
362 1706 467 1744 Sacerdotes
481 1716 578 1750 consecrat,
593 1706 685 1744 credentes
700 1708 719 1744 in
732 1707 839 1745 haereditate

104 1778 175 1804 aeterna
188 1780 228 1804 cum
242 1767 309 1804 Sanctis
323 1767 397 1815 Angelis
411 1766 463 1804 locat.
478 1766 526 1803 Sicut
538 1768 556 1804 in
565 1767 624 1804 radice
634 1766 701 1804 arboris
710 1767 758 1804 nulla
767 1780 840 1817 prorsus

104 1836 176 1875 apparet
189 1825 326 1875 pulchritudinis
340 1826 413 1874 species,
424 1836 441 1863 et
450 1836 515 1870 tamen,
526 1826 611 1874 quicquid
625 1827 679 1863 estin
689 1827 751 1864 arbore
764 1827 841 1876 pulchri-

105 1885 176 1930 tudiuis,
190 1885 218 1923 vel
232 1885 307 1931 decoris,
322 1898 344 1922 ex
356 1885 386 1922 illa
399 1885 489 1934 procedit:
504 1886 529 1921 sic
542 1898 564 1922 err
576 1885 618 1922 fidei
631 1885 742 1931 humilitate,
756 1887 840 1936 quicquid

105 1945 169 1990 meriti,
183 1945 267 1994 quicquid
280 1944 394 1982 beatitudiuis
407 1946 467 1982 anima
480 1955 585 1993 susceptura
598 1954 699 1989 estentona
713 1959 734 1982 ex
746 1945 787 1983 fidei
801 1945 840 1984 fun-

105 2004 188 2042 damento
201 2004 287 2053 procedit.
304 2004 351 2042 Nam
368 2005 415 2041 sicut
432 2004 532 2052 Apostolus
550 2004 598 2041 dicit:
616 2004 707 2054 Quicquid
724 2006 762 2043 sive
780 2019 840 2053 omne,
861 2008 900 2035 nom.
910 2015 930 2041 14·

105 2062 153 2113 quod
168 2076 204 2101 non
222 2074 248 2101 est
265 2077 286 2101 er
304 2063 346 2107 fide,
365 2072 458 2112 peccatum
476 2073 509 2107 est,
524 2064 609 2112 quoniam
622 2064 661 2101 sine
678 2062 712 2102 fide
730 2065 840 2114 impossibile
860 2071 901 2098 Hebr·
911 2080 930 2099 12.

105 2132 132 2159 est
148 2122 217 2171 placete
234 2123 278 2161 Deo.
298 2122 374 2160 Credere
393 2122 440 2159 enim
458 2131 528 2170 oportet
546 2122 658 2160 accedentem
677 2124 699 2160 ad
715 2124 784 2168 Deum,
799 2126 840 2174 qnia

105 2192 136 2226 est,
150 2181 278 2231 inquirentibus
292 2196 310 2219 se
323 2190 446 2236 remunerator
460 2182 488 2219 sit.
507 2181 580 2225 Quanto
594 2192 653 2218 autem
671 2183 746 2232 quisque
763 2183 803 2233 plus
817 2184 840 2221 di-

105 2241 150 2290 ligit,
163 2251 212 2280 tanto
226 2242 244 2278 in
258 2241 291 2279 fide
305 2241 380 2290 amplius
394 2241 471 2290 proficit.
485 2241 531 2278 Nam
546 2240 589 2278 tides
602 2242 640 2278 sine
654 2241 743 2287 charitate,
755 2253 782 2280 est
794 2244 840 2281 sicut

105 2302 204 2350 proiectum
217 2302 286 2349 inutile,
304 2315 324 2339 ac
341 2302 379 2338 sine
396 2300 495 2338 retinaculo
513 2312 591 2338 scutum.
606 2302 630 2348 O,
647 2302 741 2339 thesaurus
757 2303 840 2342 omnibus

106 2361 212 2410 opulentior,
226 2361 279 2406 fides,
297 2376 341 2411 quae
358 2361 434 2398 formata
451 2361 469 2397 in
487 2370 547 2398 tnente
561 2362 639 2398 hominis
657 2362 752 2399 mortalem
765 2364 840 2402 itnmor-

51 2466 53 2468 Ι
105 2420 168 2458 talibus
183 2434 280 2470 comparas,
298 2422 394 2459 daemones
407 2421 473 2466 vincis,
492 2430 509 2458 et
525 2433 584 2469 regna,
599 2430 698 2471 cutrctaque
712 2422 755 2459 dura
768 2436 841 2472 superas

105 2479 181 2526 fortiter,
200 2490 217 2517 et
231 2480 309 2518 adversa.
326 2480 377 2517 Fides
395 2490 421 2517 est
434 2480 570 2517 ftrrulumentum
589 2482 671 2519 omnium
689 2483 785 2528 virtutum,
804 2485 841 2521 sine

105 2553 140 2589 qua
152 2540 222 2577 nullum
237 2540 329 2588 spirituale
342 2539 421 2577 subsistit
435 2540 542 2579 aedificium.
554 2539 606 2577 Fides
622 2540 738 2579 illuminatrix
752 2554 779 2580 est
791 2557 841 2581 meu-

105 2600 157 2646 tium,
170 2608 188 2636 et
201 2599 296 2648 principale
310 2599 405 2648 spititualis
423 2599 498 2637 militiae
516 2600 662 2639 instrumentum.
680 2602 727 2639 Num
745 2602 782 2640 sine
800 2602 841 2641 fidei

105 2667 156 2695 scuto
169 2657 249 2696 diabolus
266 2672 303 2696 non
319 2658 405 2706 uincitur,
424 2672 457 2697 nec
474 2658 549 2697 lascivae
568 2660 625 2697 carnis
643 2660 722 2711 impetus
739 2672 840 2711 superatur.
