1968 3023
167 156 201 189 160
365 154 390 191 De
400 154 478 201 parturita
491 154 570 191 clraritutt
583 156 705 193 attenuabantur.

164 233 204 282 ligit
218 246 258 269 enm
273 245 335 272 aurore
348 236 387 280 Dei,
401 245 418 271 et
431 245 504 283 propter
518 247 639 282 communem,
650 248 702 284 quarn
717 245 837 283 expectamus,
847 236 899 285 parrti-

165 293 273 341 cipationetn
284 294 339 342 regni.
349 295 450 343 Propterea,
460 305 478 331 nt
489 304 559 331 sanctus
569 294 644 331 Ioannes
655 294 697 331 dicit
707 294 808 343 episcopus,
817 294 834 330 in
844 308 899 332 unum

165 366 229 402 corpus
243 352 326 402 baptizati
341 368 402 391 sumas
417 356 507 402 ecclesiae,
517 365 604 403 quatenus
618 369 653 392 non
668 355 793 401 dissolvamur,
802 355 833 392 sed
847 357 899 402 inea,

164 427 208 463 quae
222 413 321 451 adinvicem
336 425 367 461 est,
381 415 510 461 convenientia,
520 425 537 451 et
547 415 625 452 amicitia
639 416 719 463 corporis
729 416 781 451 nnius
791 414 899 461 charitatem,

164 483 181 509 et
192 474 335 510 convenientiam
346 484 425 510 annnam
436 484 521 522 perpetuo
532 486 666 511 conservemus.
677 474 836 519 Quemadmodum
846 469 899 512 nemo

164 542 213 569 entra
227 533 313 569 unitatem
328 533 413 570 ecclesiae
426 532 524 570 catholicae
539 533 614 570 salutem
630 544 688 582 potest
702 534 793 582 consequi,
803 534 826 570 ita
839 534 898 571 nullus

163 592 201 627 sine
215 591 292 628 fraterna
305 591 389 629 charitate
403 605 455 641 posse
469 591 547 629 creditur
561 592 631 630 salvari.
643 594 725 630 Charitas
739 607 782 643 ergo
796 592 846 630 vobis
860 605 898 630 ante

163 652 224 688 omnia
238 662 264 688 est
278 651 298 688 ad
313 652 388 688 salutern
402 651 506 695 necessaria,
520 652 558 688 sine
572 665 606 700 qua
620 653 687 701 reliqna
701 654 787 689 virtutum
801 665 854 701 opera
869 667 898 702 pe·

162 712 210 747 nitus
224 720 265 747 sunt
280 710 397 748 inhuctuosa.
411 711 460 748 Nihil
475 711 522 747 eninr
537 710 580 748 boni
595 725 633 748 esse
649 722 713 760 potest,
722 712 766 749 nihil
780 713 838 749 meriti
852 713 898 749 sala-

162 771 205 806 taris
219 769 240 807 ad
254 771 316 816 vitam,
325 770 373 819 quod
383 783 403 807 ex
418 770 447 807 illa
460 783 496 807 non
511 769 560 806 dumt
574 772 668 820 originem.
679 771 761 808 Charitas
771 772 798 808 via
812 771 897 819 quaedam

162 840 188 867 est
202 830 223 866 ad
237 831 309 866 virtutis
323 829 455 878 compendium,
466 843 560 879 perquam
574 832 588 867 si
603 832 642 880 quis
656 840 706 868 recto
716 830 815 880 ingreditur
828 832 898 868 tramite

162 890 237 935 itineris,
252 889 300 926 nulla
314 889 371 939 egebit
385 889 482 927 directione
497 888 552 926 ducis.
567 889 649 927 Charitas
663 903 711 938 pura¹
726 890 806 939 simplex,
821 900 836 926 et
851 901 897 927 recta

161 961 197 985 non
211 950 314 997 proximum
328 951 419 987 consuevit
435 949 511 994 laedere,
526 962 558 985 nec
576 950 643 986 malum
655 950 715 999 ¹alicui
733 951 802 987 inferre.
817 949 896 987 Charitas
926 999 927 1002 Ἴ

161 1008 253 1055 affectunt,
264 1023 316 1058 quem
332 1009 431 1046 commodis
441 1018 518 1057 praestat
530 1011 615 1058 propriis,
626 1008 728 1057 impendere
739 1010 830 1046 consuevit
840 1010 897 1051 omni7

161 1068 203 1106 bus:
218 1080 234 1106 et
247 1069 331 1118 quicquid
345 1068 377 1106 sibi
391 1069 411 1105 ad
421 1069 495 1106 salutem
505 1080 564 1117 sperat
578 1070 684 1114 conducere,
695 1069 729 1105 hoc
740 1070 826 1105 universis
839 1069 896 1106 homi-

161 1126 212 1163 nlbus
227 1127 244 1163 in
258 1127 331 1165 Christo
344 1129 383 1164 lesu
398 1128 446 1176 cupit
460 1140 497 1176 esse
512 1140 613 1165 commune.
628 1128 710 1165 Charitas
728 1127 794 1176 absque
811 1127 845 1164 ulla
857 1141 896 1176 per-

161 1187 262 1225 turbatione
276 1183 336 1226 officio
350 1188 448 1226 dilectionis
462 1189 524 1234 utitur,
536 1198 552 1225 et
567 1202 606 1226 cnm
618 1202 680 1226 onmes
690 1189 772 1225 homines
786 1189 861 1225 maxime
871 1189 896 1226 di·

161 1247 208 1297 ligat,
223 1260 255 1296 pro
269 1247 319 1284 nullo
333 1258 392 1285 tamen
405 1248 427 1284 ad
440 1248 499 1284 zelutn
513 1248 636 1286 amaritudinis
655 1258 768 1297 provocatur.
783 1248 857 1295 Semper
871 1259 896 1285 est

160 1306 223 1353 solida,
237 1319 307 1356 semper
321 1317 410 1354 constans,
420 1320 490 1357 semper
499 1307 575 1353 stabilis,
586 1317 603 1344 et
617 1308 673 1352 firma,
684 1307 724 1357 quia
738 1319 771 1343 nec
785 1306 895 1355 passionibus

160 1367 243 1414 tangitur,
262 1380 295 1403 nec
312 1366 390 1404 motibus
408 1366 537 1417 inquietudinis
551 1368 634 1415 agitatur.
653 1367 773 1404 Communem
791 1380 810 1402 se
824 1366 895 1414 praebet

160 1424 250 1471 omnibus,
264 1437 281 1462 et
296 1428 319 1462 ita
332 1439 381 1463 suam
392 1426 507 1463 dilectionem
521 1426 609 1474 impendit
619 1426 699 1474 singulis,
710 1435 728 1462 ut
742 1436 801 1462 tamen
815 1427 895 1473 proxima
913 1434 915 1437 '

160 1484 241 1521 videatur
255 1485 347 1522 universis.
362 1485 441 1523 Charitas
455 1486 472 1522 in
486 1486 518 1529 his,
529 1484 573 1533 quae
583 1486 672 1533 pertinent
686 1484 707 1521 ad
721 1485 809 1521 rationem
823 1486 895 1531 mentis,

161 1545 268 1590 et-aninaae,
283 1546 358 1593 seipsam
373 1559 408 1582 non
422 1545 507 1594 negligit:
518 1544 580 1581 inillis
595 1558 645 1590 vero,
656 1558 700 1593 quae
710 1544 826 1581 eonunodutn
840 1545 894 1592 respi-

160 1605 210 1640 ciunt
224 1605 311 1652 corporis,
321 1617 372 1654 saepe
387 1617 446 1641 causas
456 1604 532 1641 aliorum
543 1604 620 1652 propriis
630 1602 735 1640 utilitatibus
749 1603 848 1652 praeponit.
857 1604 895 1639 Ma-

159 1676 215 1711 gnum
229 1672 255 1700 est
268 1676 320 1700 verae
335 1664 422 1701 charitatis
437 1664 537 1711 imperium,
548 1663 596 1712 quod
606 1663 684 1700 alienum
698 1663 833 1700 incommodum
848 1676 894 1699 cont·

160 1721 210 1769 pellit
223 1722 316 1759 hominem
329 1723 386 1760 facere
396 1736 453 1760 suum.
464 1724 502 1759 Vos
511 1724 571 1771 itaque
581 1722 642 1759 fratres
655 1722 696 1767 mei,
706 1722 735 1770 qni
745 1734 776 1758 vos
790 1720 894 1758 solemniter

159 1780 180 1817 ad
194 1780 262 1817 Christi
274 1782 398 1829 praecinxistis
416 1782 505 1826 militiam,
520 1782 550 1830 qui
564 1794 595 1829 per
610 1781 686 1818 arduum
700 1782 732 1817 itet
750 1778 860 1817 obedientiae
874 1780 894 1816 ad

159 1842 215 1876 vitam
227 1840 312 1878 anhelatis
322 1852 416 1885 aetermam,
427 1842 441 1877 si
450 1854 486 1878 non
495 1840 548 1877 vultis
558 1841 576 1876 in
586 1851 622 1877 tam
632 1840 717 1877 laboriosi
727 1840 827 1877 certaminis
837 1838 893 1876 stadio

160 1899 223 1936 frustra
238 1913 314 1946 currere,
328 1902 393 1938 curetis
407 1910 446 1937 ante
460 1901 527 1945 omnia,
541 1900 641 1945 hortamur,
652 1900 748 1936 fraternam
761 1900 777 1935 in
791 1897 840 1936 vobis
855 1900 894 1936 cha-

159 1960 230 1996 ritatem
243 1972 314 2008 semper
332 1959 451 1997 inviolabilem
466 1959 562 1996 custodire.
576 1960 616 1997 Nisi
633 1960 680 1996 enim
694 1960 788 2004 sinceram,
803 1968 820 1995 et
837 1960 893 2006 perle-

159 2029 204 2055 ctam
219 2019 324 2055 charitatem
338 2019 437 2056 adinvicem
451 2018 554 2064 habueritis,
565 2019 602 2056 sine
616 2018 675 2055 hacta
689 2019 706 2054 in
717 2018 829 2055 observantia
842 2032 893 2068 regu·

158 2078 190 2114 lari
204 2077 294 2115 laboratis.
308 2078 357 2115 Nihil
371 2077 421 2114 vobis
434 2077 539 2114 abstinentia
553 2076 614 2114 abesa
628 2078 714 2121 carnium,
724 2077 745 2114 ad
759 2078 856 2114 animarum
866 2091 893 2114 sa-

159 2137 213 2173 lutem
229 2137 314 2180 conferet,
329 2137 372 2174 nihil
389 2136 476 2174 abdicatio
494 2137 559 2185 peculii
578 2138 637 2173 omnis
655 2137 677 2173 ad
694 2146 775 2173 aeternae
793 2135 892 2174 foelicitatis

158 2196 271 2244 adeptionem
286 2197 370 2244 proficiet,
384 2198 398 2233 si
412 2196 472 2234 locum
485 2197 503 2232 in
516 2195 598 2233 cordibus
612 2197 676 2233 vestris
686 2196 761 2232 fraterna
771 2196 843 2233 dilectio
857 2210 893 2233 non

158 2266 213 2293 tenet.
227 2257 323 2304 Cupientes
337 2270 379 2306 ergo
393 2256 456 2293 salvari
471 2269 511 2292 cam
525 2256 605 2302 Christo,
617 2258 634 2293 in
648 2258 721 2293 veritate
731 2269 763 2292 vos
777 2266 840 2293 tnutuo
854 2257 892 2294 dili-

157 2316 199 2364 gite,
212 2325 229 2352 et
242 2316 288 2352 sicut
298 2315 379 2353 Christus
389 2315 450 2352 dilexit
459 2329 497 2361 vos,
506 2316 531 2352 ita
541 2328 640 2364 precatnur,
651 2315 755 2352 alterutrum
766 2307 827 2352 amate.
839 2316 891 2360 Quod

157 2375 190 2411 sibi
204 2374 242 2411 fieri
255 2376 377 2423 nanasquisque
390 2386 468 2411 vestrum
483 2373 578 2418 desiderat,
589 2374 624 2411 hoc
633 2374 691 2422 ipsum
705 2373 754 2410 fratri
768 2387 801 2411 suo
815 2376 851 2411 sine
866 2376 891 2412 in-

158 2434 205 2470 vidia
219 2443 292 2483 propter
305 2433 339 2470 Dei
353 2446 433 2470 amorem
447 2434 496 2470 omni
514 2443 596 2481 tempore
613 2432 710 2481 impendat.
725 2433 789 2470 Vincat
807 2434 823 2470 in
841 2434 891 2471 vobis

158 2493 218 2528 omnia
232 2492 290 2528 carnis
304 2493 366 2540 iurgia,
380 2502 396 2529 et
410 2491 496 2541 qualisbet
511 2493 635 2528 contentiones
650 2504 700 2528 amor
714 2491 789 2535 divinus,
799 2505 830 2528 nec
844 2495 891 2530 inv'e-

158 2551 194 2587 niat
208 2550 268 2587 locum
283 2551 381 2598 perniciosa
399 2552 455 2587 earnis
474 2550 568 2595 dissensio,
584 2550 614 2587 ubi
633 2551 741 2587 commorari
759 2552 822 2601 iugiter
840 2552 891 2589 debet

159 2600 245 2647 fraternae
260 2610 349 2647 charitatis
363 2610 461 2658 plenitudo.
475 2612 521 2647 Natu
536 2611 550 2645 si
564 2622 628 2647 omnes
643 2612 660 2646 in
674 2612 783 2648 monasterio
793 2612 890 2649 securtdntn

159 2669 217 2716 legem
232 2669 337 2705 christianae
351 2669 468 2706 institutionis
482 2670 548 2714 vivitis,
562 2669 606 2706 alter
620 2669 640 2706 ab
654 2669 726 2706 alterius
740 2670 817 2707 laesione
830 2683 891 2708 neces-
