1968 3023
137 731 203 758 Castitatis

116 765 146 791 lans.

109 1438 156 1464 Castus
164 1439 197 1473 quis.

210 268 211 272 Ἰ
232 228 238 252 t
243 229 264 264 50
443 219 469 256 Dc
482 220 581 257 curtlhreatr'u
593 226 608 257 ct
619 232 660 258 utra
673 221 751 258 castitate.

228 300 275 346 tatis,
289 311 308 336 ut
321 300 406 348 praecipit
420 301 491 350 regula;
505 301 585 347 tertium,
599 310 693 349 perpetuae
709 302 835 348 continentiae,
848 312 865 339 et
878 304 963 340 castitatis

227 359 313 397 inviolata
327 359 413 397 custodia.
428 360 526 404 Quodlibet
538 362 613 397 istorum
628 360 720 398 uiolauerit
734 361 839 407 inonachus,
852 362 920 398 ordinis
935 363 963 399 sui

226 421 339 468 propositum
355 421 439 469 corrupit.
453 419 526 458 Duobus
541 421 610 457 castitas
624 430 733 458 sustentatur
747 419 850 466 comitibus,
861 422 927 459 ieiunio
937 423 962 459 vi·

226 478 297 525 delicet,
310 491 330 516 ac
344 479 466 527 temperantia,
476 478 538 528 quibus
552 480 566 515 si
580 479 673 528 aliquando
687 479 771 516 destituta
781 479 840 526 fuerit,
850 481 885 517 cito
899 481 962 530 procul

226 536 280 575 dubio
294 537 372 575 labascit.
386 539 461 576 Castitas
477 539 605 576 monachorum
622 548 747 575 ornamentum
764 549 789 575 est
803 540 913 586 maximum,
927 554 961 589 qua

225 597 304 634 decorati
321 597 343 634 ad
361 598 470 635 consortium
488 597 621 634 introducentur
639 591 853 646 angetur-unterstiure
873 598 917 635 nihil
934 610 961 636 est

225 656 323 705 pulchrius,
332 670 377 706 quae
387 668 492 705 conceptum
502 656 523 694 de
532 656 625 694 immundo
635 658 702 694 semine
716 657 757 693 facit
771 657 864 703 mundum,
874 657 895 694 (le
909 658 960 695 hoste

225 731 296 767 quoque
314 717 367 754 efficit
383 717 510 763 domesticum,
525 728 542 753 et
559 717 580 754 de
593 717 666 755 homine
684 719 762 754 terrestri
780 717 868 766 angelum.
883 719 959 755 Castitas

223 778 279 814 virtus
293 788 320 814 cst
334 778 415 814 omnium
429 777 515 814 virtutum
526 777 663 827 speciosissima,
675 790 718 826 quae
728 777 771 814 dunt
779 790 812 826 pro
822 777 888 814 Christi
898 790 959 815 amore

223 850 279 886 usque
293 835 314 873 ad
328 845 405 873 mortem
419 835 503 873 servanda
517 837 633 884 promittitur,
646 835 770 874 inaestimabili
783 838 863 886 praemio
877 850 958 874 remune-

223 906 277 934 ratur.
291 896 366 933 Castitas
380 895 484 945 angelorum
498 896 578 933 societati
592 907 619 932 est
633 897 720 944 proxima,
736 907 753 932 et
768 909 838 933 summa
852 897 958 934 christianae

222 957 287 993 mentis
301 955 393 993 medicina.
408 955 483 993 Castitas
497 965 524 992 est
536 955 575 991 lesu
588 955 656 992 Christi
669 957 734 993 aeterni
749 955 795 1006 regis
809 955 884 993 amabile
900 956 957 994 domi-

223 1015 289 1059 cilium,
304 1025 321 1052 et
334 1013 404 1051 futurae
418 1015 556 1062 incorruptionis
570 1014 651 1052 ruirahile
665 1016 777 1064 principium.
793 1016 867 1053 Castitas
881 1026 908 1052 est
920 1016 956 1064 ple-

222 1074 285 1111 nitudo
299 1074 380 1112 coelestis
394 1075 470 1123 gratiae,
485 1087 515 1123 per
529 1087 581 1123 quam
595 1074 724 1124 redintegratur
742 1075 801 1111 omnis
818 1077 908 1124 corruptio
922 1088 955 1112 na-

221 1145 277 1172 turae.
292 1135 368 1172 Castitas
381 1144 407 1170 est
420 1135 476 1170 uirtus
490 1134 571 1170 omnium
585 1134 714 1182 potentissima,
728 1146 825 1183 perquam
839 1135 908 1171 invase
921 1134 955 1171 fra-

220 1193 251 1242 gili
269 1192 345 1230 mirabili
364 1193 459 1229 certamine
472 1193 550 1229 vincitur
568 1202 635 1229 natura.
649 1192 725 1228 Castitss
738 1193 793 1229 vitam
809 1193 889 1230 imitatur
902 1206 955 1243 auge-

219 1254 277 1296 licam,
292 1262 309 1289 et
322 1253 378 1289 nescit
392 1252 409 1289 iu
423 1251 483 1288 medio
496 1252 528 1288 luti
542 1250 619 1300 aliquam
632 1251 710 1288 maculae
725 1253 878 1300 conspersionem.
891 1253 954 1290 Beatus

219 1311 280 1355 homo,
295 1311 324 1360 qui
338 1322 380 1346 vere
394 1309 460 1346 donum
475 1310 559 1346 castitatis
572 1323 581 1345 a
594 1309 673 1346 Domino
687 1309 726 1346 Deo
740 1310 831 1357 suscipere
847 1312 953 1359 promeruit,

218 1380 235 1407 et
248 1371 308 1418 ipsum
321 1368 426 1406 inviolatum
441 1366 529 1417 usquead
543 1378 620 1405 mortem
634 1368 652 1404 in
665 1368 766 1405 hnmilitate
784 1369 878 1406 christiana
894 1380 954 1407 custo-

218 1431 267 1467 divit.
282 1431 344 1467 Castus
358 1440 390 1475 est,
404 1430 434 1478 qui
447 1440 507 1465 amore
520 1427 559 1465 lesu
573 1427 639 1464 Christi
653 1437 722 1474 mente,
736 1440 753 1464 et
767 1441 842 1476 corpore
857 1442 917 1477 purus,
931 1429 952 1467 ab

218 1489 267 1526 omni
282 1489 338 1526 carnis
352 1488 497 1537 coinquinatione
511 1500 529 1524 se
542 1486 626 1533 abstinet,
642 1488 672 1536 qui
685 1487 756 1524 feruore
771 1489 828 1524 sancti
841 1488 917 1537 Spiritus
934 1492 952 1526 in

217 1549 301 1585 charitate
315 1549 348 1585 Dei
362 1547 436 1585 dulciter
449 1547 504 1593 ardet,
518 1547 547 1595 qui
560 1546 604 1583 nihil
618 1548 691 1584 omnino
706 1548 816 1595 concupiscit
831 1549 847 1584 in
861 1548 895 1586 hoc
910 1561 951 1586 sae-

216 1608 262 1654 culo,
273 1608 302 1657 qui
316 1621 360 1653 esse,
370 1617 386 1643 et
400 1607 459 1643 vivere
473 1618 542 1653 semper
556 1605 643 1642 desiderat
657 1618 697 1641 cum
707 1605 786 1642 Christo.
802 1606 864 1642 Castus
878 1618 912 1653 est,
921 1609 951 1657 qui

215 1681 285 1706 mernor
298 1666 415 1716 professionis
424 1664 498 1702 militiae
507 1663 601 1712 spiritualis
615 1675 674 1702 motus
688 1666 744 1701 carnis
759 1666 826 1703 ratione
840 1667 959 1721 comprimit,

214 1740 232 1767 et
245 1740 307 1766 omnes
317 1726 417 1775 prurientes
426 1724 503 1762 lihidinis
513 1724 597 1761 scintillas
607 1737 650 1761 mox
657 1737 666 1760 a
674 1725 761 1773 principio
771 1725 842 1761 fortiter
853 1728 950 1776 restringit.

214 1790 278 1826 Castus
292 1797 325 1831 est,
340 1786 369 1835 qui
383 1798 430 1828 ntor,
444 1794 463 1821 ut
477 1785 562 1833 cogitatio
576 1783 649 1821 carnalis
663 1794 743 1821 urentem
756 1784 827 1832 pulsare
841 1786 914 1834 ceperit,
924 1787 949 1824 di-

214 1850 275 1885 uinum
290 1858 329 1882 cum
344 1845 426 1893 lacrymis
440 1844 524 1893 implorat
536 1843 628 1889 auxilium,
637 1856 670 1880 nec
683 1844 758 1892 quiescit
771 1857 781 1880 a
794 1843 882 1892 precihus,
892 1845 950 1882 donee

214 1906 316 1943 incendium
326 1904 421 1953 prurientis
430 1903 497 1940 ardoris
511 1903 580 1952 penitus
594 1903 669 1940 senserit
682 1903 786 1940 extinctum.
801 1903 865 1940 Castus
876 1913 907 1948 est,
918 1906 948 1954 qui

213 1966 259 2015 fugit
272 1977 345 2003 omnem
358 1963 455 2006 materiam,
466 1963 609 1999 etoccasionern
624 1962 747 2011 lurrur·iae‚‘qui
757 1963 825 2012 pepigit
834 1962 897 2000 foedus
907 1977 948 2001 cunt
967 2012 974 2017 a

212 2025 269 2061 oculis
283 2024 330 2068 suis,
345 2035 366 2059 ne
380 2021 422 2070 qnid
436 2021 503 2069 cogitet
520 2021 540 2058 de
554 2021 640 2066 foemina,
654 2030 671 2057 et
684 2023 734 2069 ponit
748 2021 847 2057 custodiam
865 2022 947 2060 sensibus

211 2084 254 2129 suis,
270 2095 292 2119 ne
306 2094 340 2131 qua
354 2082 455 2129 ingerantur
469 2079 525 2121 foeda,
535 2080 563 2116 uel
576 2079 670 2127 impudica.
684 2080 748 2116 Castus
758 2090 788 2122 est,
799 2080 829 2128 qui
838 2079 946 2118 lascivorum

211 2144 287 2182 declinat
301 2142 396 2183 consortia,
411 2149 427 2176 et
441 2152 511 2188 semper
524 2140 586 2176 auertit
604 2140 665 2176 oculos
678 2152 730 2185 suos,
744 2152 766 2175 ne
781 2140 878 2188 conspiciat
895 2153 946 2178 vana.

210 2204 273 2241 Castus
287 2211 318 2245 est,
328 2202 358 2249 qui
372 2200 452 2237 omnium
468 2199 563 2236 mulierum
577 2197 673 2236 detestatur
686 2199 810 2247 frequentiam,
821 2209 838 2235 et
851 2200 881 2248 qui
895 2212 945 2236 suam

209 2262 323 2311 fragilitatem
339 2272 379 2296 curu
394 2262 463 2305 timore,
477 2269 494 2295 et
507 2257 597 2307 vigilantia
612 2258 661 2294 omui
675 2267 756 2304 tempore
769 2256 820 2293 habet
838 2268 944 2307 suspectam.

208 2322 272 2359 Castus
286 2320 358 2370 quidem
372 2328 404 2365 est,
418 2319 448 2367 qui
463 2328 522 2354 mente
535 2327 552 2353 et
565 2329 639 2366 corpore
652 2325 733 2352 naturam
747 2317 828 2353 imitatur
839 2317 944 2365 angelicam,

208 2392 224 2418 et
238 2381 267 2430 qui
279 2379 346 2427 sanctis
360 2376 440 2415 moribus
458 2376 523 2413 nullam
537 2376 615 2412 admittit
631 2375 770 2423 corruptionem.
785 2376 861 2413 Castitas
876 2378 944 2415 donum

207 2450 233 2477 est
246 2440 319 2488 gratiae,
329 2448 346 2474 et
360 2449 395 2474 non
410 2449 454 2484 opus
468 2445 547 2481 naturae,
557 2435 585 2472 uel
600 2435 696 2472 industriae
709 2434 802 2472 humanae
817 2436 892 2474 Castitas
905 2450 943 2474 mo-

206 2499 283 2536 nachum
297 2497 382 2534 humilem
397 2497 436 2534 Deo
449 2495 490 2532 facit
508 2508 545 2532 esse
563 2495 695 2543 gratissimum,
709 2494 802 2542 quoniam,
816 2495 846 2544 qui
863 2496 908 2532 trivit
925 2498 942 2533 in

206 2571 257 2595 carne
270 2556 343 2594 mortali
356 2556 394 2592 sine
409 2555 532 2603 corruptione,
546 2555 605 2591 socius
623 2564 649 2590 est
663 2552 773 2603 angelorum.
788 2554 825 2599 Qut
843 2557 942 2593 castitatem

206 2627 296 2654 assecutus
310 2625 336 2652 est
350 2628 417 2661 veram,
427 2627 497 2662 semper
507 2622 533 2650 est
542 2613 625 2650 humilis:
640 2622 656 2650 et
666 2614 696 2661 qui
705 2623 787 2650 naturam
801 2614 838 2650 eius
851 2614 941 2664 intelligit,

205 2690 240 2714 non
258 2675 290 2712 sibi
304 2675 341 2711 eius
355 2675 488 2723 possessionem
507 2684 588 2722 arrogat,
606 2672 636 2710 sed
654 2672 743 2718 Domino,
762 2673 791 2722 qui
811 2673 864 2711 dedit.
881 2674 940 2711 Nemo

204 2737 251 2774 enim
266 2745 323 2771 castus
337 2732 402 2770 ritihus
416 2734 459 2778 suis,
474 2733 557 2781 quoniam
571 2741 652 2769 naturam
666 2732 738 2769 uincere
752 2731 807 2770 homo
822 2732 889 2781 fragilis
903 2746 940 2770 non
