1968 3023
75 301 128 329 Castit
133 308 149 325 as

62 338 118 363 rriaainre
126 335 149 359 do-

61 382 92 398 uuru
103 371 131 396 Dei.

174 219 206 255 152
384 210 409 247 Du
423 211 521 249 toartinurta'a
535 218 549 249 at
561 225 601 250 verat
615 215 694 251 castilate.

171 289 191 325 Et
205 291 237 326 nisi
252 300 269 326 tu
283 289 350 327 viribus
368 292 410 327 totis
428 292 493 340 gantiae
512 293 582 330 divinat¹
597 303 703 342 cooperator
720 295 804 340 extiteris,
821 296 904 333 castitatis

169 349 318 398 pulchritudinem
329 351 429 388 nullatenus
438 351 531 389 obtinebis.
546 353 608 401 Neque
622 355 667 390 enirn
683 365 749 391 castum
764 366 780 391 te
795 354 846 392 faciet
855 356 903 393 Deus

168 411 205 448 sine
220 422 250 448 tua
263 411 366 456 voluntate,
381 426 437 460 neque
455 423 472 448 ru
491 411 558 449 donum
577 412 611 450 hoc
630 427 714 462 magnum
733 416 855 464 consequeris,
870 416 902 451 nisi

165 482 256 508 succurrat
270 471 299 509 ille
312 485 342 520 per
352 485 401 509 suam
412 473 544 509 miserationem
559 484 598 509 tuae
610 474 712 511 infirmitati,
727 474 743 510 T
745 487 787 511 uum
798 487 840 522 ergo
850 473 903 511 fuerit

167 543 177 566 o
192 531 278 568 monache
292 532 309 568 in
323 530 369 568 bona
382 531 472 568 voluntate
487 532 572 568 castitatis
582 532 644 568 offerre
655 531 768 579 desiderium,
778 543 794 569 et
809 532 825 568 in
839 533 902 570 humili

167 589 273 627 confidentia
287 601 355 627 certum
371 591 474 627 aDomiuo
493 601 584 639 expectare
602 593 738 629 incrementum
753 592 823 629 Adhibe
841 604 901 638 tuum,

166 660 183 686 et
196 663 231 687 non
249 650 304 687 deerit
318 650 392 687 Domini
410 650 501 687 auxilium.
516 651 591 687 Castitas
610 651 675 688 donum
690 662 718 687 est
733 653 806 700 gratiae,
820 665 856 689 nun
871 665 900 689 na-

136 751 138 755 ?
165 719 219 753 turae,
234 720 251 746 et
265 720 333 757 praeter
346 722 424 755 caruem,
433 711 450 746 in
465 722 518 747 carne
531 711 596 757 rivere,
606 711 694 760 angelicae
705 711 813 748 fortitudinis
823 721 855 758 est,
865 724 899 748 non

61 1327 115 1353 [testum
124 1328 139 1353 li·

52 1361 97 1387 bidinis
113 1371 138 1397 quo

52 1397 91 1422 modo
98 1398 138 1423 extin-

50 1438 86 1463 gaas

165 769 258 806 raimone,
273 770 396 806 Veruntamen
410 783 445 806 non
460 780 486 806 est
500 770 570 807 difficile
577 783 648 807 servare
659 771 755 808 castitatem
765 772 834 808 homini
843 771 899 808 bonae

163 829 264 872 voluntaris¹
279 831 308 878 qui
322 831 399 867 maxime
412 840 517 878 segregatur
531 844 539 866 a
553 831 630 868 tumultu
644 832 766 875 saecularium,
777 842 794 869 et
803 833 846 868 vivit
860 832 899 870 soli·

163 889 217 925 tarius
228 890 245 925 in
254 889 314 926 medio
328 890 464 927 monachorum
478 889 578 926 Monachus
591 892 650 936 etiam,
660 892 688 939 qui
703 892 777 936 iuvenis,
789 903 805 928 et
814 892 899 928 innocens

163 948 219 985 bonae
232 948 364 986 reformationis
378 949 483 986 caenobium
497 950 605 998 ingreditur¹
619 951 633 986 si
648 961 725 988 mentem
739 964 789 987 suam
804 951 820 986 in
833 952 898 988 timore

163 1008 236 1045 Domini
249 1009 333 1045 continue
347 1010 473 1057 occupaverit,
488 1010 546 1046 mimis
559 1023 568 1046 a
582 1010 649 1047 ltmuria
662 1011 781 1059 impugmrtur.
797 1010 897 1047 Perniciosa

162 1068 209 1104 enim
219 1078 245 1104 est
255 1067 332 1105 libidinis
346 1070 461 1117 experientia,
471 1070 555 1117 quoniam
565 1070 610 1105 sicut
620 1069 691 1118 quidam
706 1071 790 1106 vertacirer
804 1069 854 1106 dixit:
889 1098 891 1102 .

362 1158 424 1187 Vincere
435 1158 465 1187 vult
476 1159 532 1191 animos
544 1169 573 1189 uon
586 1160 637 1189 satiare
648 1169 697 1189 vetius.

161 1245 260 1282 Monachus
272 1256 332 1282 autern
342 1248 425 1294 propriae
434 1247 494 1283 salutis
504 1246 601 1292 studiosus,
611 1257 679 1283 ornator
693 1246 770 1283 libidinis
783 1247 864 1284 ardorem
874 1247 894 1283 tie

160 1305 206 1342 facili
223 1315 282 1354 potest
296 1306 405 1353 extinguere,
419 1306 433 1342 si
447 1307 515 1352 otium,
529 1316 550 1342 et
560 1307 669 1342 saturitatem
684 1306 762 1355 fugiens,
777 1308 794 1343 in
808 1307 893 1354 spirituali

160 1365 244 1402 exercitio
254 1377 272 1400 se
283 1367 366 1408 continue
376 1365 452 1401 voluerit
462 1378 554 1413 occupare.
567 1365 615 1401 later
624 1366 684 1401 onrrria
694 1366 759 1414 quippe
768 1366 815 1411 vitia,
825 1365 892 1402 nullum

159 1424 241 1472 amplius,
251 1433 268 1460 et
282 1423 400 1471 periculosius
415 1425 513 1460 castitatem
524 1425 624 1472 impugnat,
639 1437 690 1473 quam
705 1425 794 1471 saturitas,
803 1433 820 1460 et
830 1425 893 1462 otiam.

159 1483 177 1519 Si
186 1483 229 1520 baec
239 1483 274 1520 duo
284 1483 330 1519 mala
339 1484 448 1531 superaverit
458 1483 564 1529 inonachus,
575 1485 673 1521 castitatem
684 1482 735 1520 facile
744 1483 837 1521 custodiet.
847 1484 893 1520 Hinc

156 1544 263 1581 sanctissimi
277 1544 365 1592 principes
377 1544 514 1590 monachorum,
525 1545 615 1592 cupientes
629 1554 721 1592 amputare
734 1542 811 1579 libidinis
825 1556 892 1588 causas,

156 1604 223 1640 victum
236 1602 287 1641 nobis
301 1616 383 1652 parcum,
397 1616 417 1639 ac
430 1614 502 1639 tenuem
517 1604 648 1639 constituerunt
661 1603 682 1639 ad
696 1614 760 1639 certam
779 1615 890 1649 mensuram,

154 1677 190 1713 quo
204 1676 268 1713 corpus
278 1672 388 1700 sustentetur
396 1663 417 1699 ad
427 1664 556 1705 necessitatem,
567 1673 584 1700 et
593 1675 629 1700 non
639 1664 745 1699 incrassetur
759 1662 780 1699 ad
793 1662 890 1699 libidinem.

155 1723 217 1759 Sonmi
231 1735 303 1772 quoque
317 1724 421 1770 parcitatem
435 1721 527 1759 monachis
542 1722 603 1758 utilem
614 1723 765 1770 suaseruntque
778 1721 889 1770 requiesim-

154 1782 244 1819 moderata
259 1795 329 1819 carnem
344 1796 379 1819 non
394 1782 452 1818 ntinus
463 1780 547 1823 extendit¹
558 1794 610 1830 quam
620 1781 666 1829 gula.
680 1782 744 1818 Otium
753 1793 796 1818 uero
805 1790 888 1829 tanquam

154 1842 222 1878 animae
236 1842 406 1890 perniciosissimam
427 1849 495 1888 pestem
509 1841 563 1888 longe
576 1841 671 1878 voluerunt
684 1853 722 1877 esse
735 1853 744 1876 a
758 1840 888 1883 claustralibus,

153 1901 247 1948 partientes
267 1900 398 1948 sapientissime
417 1910 498 1947 tempus,
516 1910 535 1935 ut
555 1899 653 1936 monachus
671 1912 761 1948 nunquam
781 1900 888 1943 inveniretur

153 1959 227 1996 otiosus.
242 1959 307 1996 Audite
321 1960 363 1995 baec
377 1959 450 2006 fratres,
464 1970 482 1995 et
500 1970 560 1995 mente
577 1960 670 2007 percipite,
685 1960 715 2007 qui
732 1959 835 1996 thesaurum
852 1972 887 1995 ma-

152 2033 206 2069 gnum
221 2020 239 2056 ia
253 2019 310 2068 fragili
324 2015 430 2067 corpusculo
445 2019 525 2067 portatis.
539 2018 602 2055 Otium
612 2018 673 2067 fugite,
683 2031 753 2066 semper
767 2017 832 2067 aliquid
845 2017 887 2055 boni

151 2079 209 2126 facite,
223 2089 242 2115 ut
256 2079 326 2127 quoties
340 2088 419 2114 tentator
432 2076 513 2115 diabolus
527 2079 626 2123 accesserit,
640 2077 706 2114 utiliter
719 2091 751 2114 vos
767 2078 844 2115 inveniat
857 2091 886 2114 oc-

150 2148 228 2186 cupatos.
242 2137 339 2174 Enimvero
353 2137 383 2185 qui
397 2137 465 2173 otiosus
480 2147 515 2183 est,
530 2137 597 2173 insidiis
615 2146 662 2185 patet
674 2137 768 2174 tentantis:
782 2138 811 2185 qui
827 2145 886 2173 autem

150 2207 246 2247 occupatur
256 2198 273 2233 in
284 2210 337 2245 operc
346 2196 399 2240 bono,
410 2195 478 2232 aditum
488 2196 550 2232 clausit
560 2209 632 2233 onmem
643 2196 716 2232 insidiis.
729 2196 818 2232 Continua
831 2197 885 2245 igitur

148 2258 275 2294 exercitatione
289 2255 403 2303 occupandus
421 2266 447 2291 est
464 2256 543 2298 animus,
558 2265 577 2290 ut
590 2267 679 2304 rmnquam
696 2255 796 2291 inveniatur
810 2256 884 2292 otiosus.

148 2318 210 2354 beatus
225 2317 253 2353 ille
267 2315 375 2356 monachus,
390 2316 419 2363 qui
437 2324 515 2351 mentem
534 2327 584 2351 suain
602 2315 619 2349 in
637 2314 686 2350 omni
704 2323 785 2360 tempore
801 2315 818 2350 in
833 2313 884 2351 bonis

147 2377 235 2413 exercitiis
245 2385 327 2424 occupat,
338 2384 454 2423 et'nunquam
468 2374 486 2410 in
499 2386 564 2411 somno
578 2373 655 2421 torporis
669 2383 686 2409 et
699 2373 779 2422 ignaviae
793 2373 883 2410 dormitat.

146 2435 209 2472 Beatus
223 2444 249 2471 est
263 2434 314 2470 miles
329 2433 396 2469 Clrristi
410 2433 513 2480 spiritualis,
528 2433 556 2481 qui
571 2445 641 2480 semper
655 2432 671 2467 in
686 2432 750 2469 timore
768 2432 842 2469 Domini
857 2434 882 2469 vi·

145 2494 224 2543 gilotet
238 2506 299 2530 ornnes
313 2492 424 2529 inordinatos
438 2502 499 2528 motus
514 2493 570 2528 carnis
584 2492 644 2527 statim
662 2503 671 2526 a
684 2491 771 2539 principio
786 2490 881 2529 refraenat.

145 2554 210 2590 Veram
224 2554 270 2589 enim
285 2553 384 2588 castitatem
402 2551 482 2587 illaesam
501 2550 590 2587 custodire
606 2563 642 2586 non
656 2549 731 2595 sufficit,
746 2551 825 2600 quisquis
841 2564 880 2587 cum

145 2613 241 2649 immundis
251 2611 390 2661 cogitationibus
401 2611 451 2660 quasi
459 2609 558 2647 deliberans
566 2609 616 2646 ludit.
623 2609 687 2645 Primis
695 2608 772 2646 motibus
780 2611 880 2659 iniquarum

145 2673 272 2721 cogitationum
286 2670 410 2707 reluctandum
425 2679 456 2716 est,
470 2671 556 2719 quoniam
574 2669 604 2705 ubi
618 2681 667 2706 mora
683 2680 754 2718 generat
772 2669 878 2718 periculum,

143 2731 202 2768 statim
219 2729 288 2767 fortiter
305 2741 331 2766 est
348 2729 471 2778 pugnandum
486 2729 559 2777 Semper
573 2738 600 2764 est
613 2728 722 2777 vigilandum
740 2739 801 2765 contra
816 2728 878 2765 salutis
914 2766 915 2769 ,
