1968 3023
455 47 465 79 l(

152 191 175 237 76
362 189 388 227 De
397 188 475 239 jugimdo
486 197 579 240 pravorum
592 190 676 228 1011101110.

152 268 258 306 discordiam
277 268 344 318 diligit,
358 270 376 306 in
392 270 462 319 ignavia
478 271 543 307 mentis
557 283 598 308 suae
612 271 700 319 capietur,
714 282 731 308 et
745 284 780 309 11011
798 273 841 318 erit,
856 272 885 322 qui

152 327 252 366 condoleat.
265 327 367 367 Afflictione
380 329 447 378 duplici
457 339 557 366 conteretur
567 342 599 378 pro
608 342 637 376 eo,
648 330 696 379 quod
709 329 814 368 habentibus
823 344 885 379 pacem

152 401 188 425 non
202 389 288 437 permisit.
301 388 388 426 Diabolus
402 390 419 425 iu
432 388 492 438 lingua
505 388 543 425 eius
556 389 618 427 riidum
632 390 740 438 composuit,
755 400 772 426 et
785 400 853 427 satanas
867 392 885 428 in

152 457 212 485 ruente
225 447 273 485 illius
286 447 325 485 fixit
339 447 456 486 domicilium.
469 448 564 496 Propterea
578 461 614 486 nou
624 458 650 485 est
658 461 709 486 amor
722 448 795 486 fratrum
806 450 823 486 in
833 449 886 487 corde
940 457 942 460 ’

153 509 213 557 ipsius,
228 509 312 558 quoniam
326 508 430 546 disseminat
439 509 484 545 inter
494 517 589 556 pastorem,
599 519 616 545 et
626 521 668 546 oves
678 508 791 547 discordiam.
800 509 886 546 Amicum

152 582 171 605 se
184 570 217 606 Dei
231 569 325 619 gloriatur,
340 581 356 605 et
370 569 447 606 similem
461 569 479 605 in
492 567 605 605 observantia
618 568 694 619 regulari
711 570 800 607 neminem
817 569 885 618 accipit,

152 628 182 666 sed
200 630 298 666 maximnm
317 637 443 665 ornamentum
462 627 547 664 monachi
564 628 684 666 humilitatem
701 641 737 666 non
755 628 843 679 intelligit.
859 629 886 667 Os

152 701 205 725 snum
218 688 239 726 ad
253 688 307 725 verba
321 687 417 737 spiritualis
430 685 558 724 aedificationis
574 700 609 725 non
627 688 693 736 aperit,
707 698 724 724 et
738 702 759 726 ex
773 687 825 726 corde
838 688 885 725 illius

152 747 196 785 nihil
210 747 267 794 aliud,
281 760 335 797 quam
348 747 425 789 vanitas,
439 745 525 794 procedit.
538 746 592 783 Diern
605 756 661 784 totam
675 758 734 784 mente
748 747 853 791 dissolutus,
868 758 885 785 et

153 820 228 857 corpore
240 820 296 855 vagus
310 806 393 842 discurrit
406 805 423 842 111
437 803 530 848 coenobio,
544 805 623 843 sennoni
637 817 686 843 vacat
700 805 762 851 inutili,
775 817 792 844 et
805 808 885 855 paenitus

152 868 221 913 ocioso,
234 865 278 903 nihil
292 865 313 903 de
326 864 383 902 salute
396 864 464 902 animae
479 866 551 912 cogitat,
564 875 644 902 ventrem
654 878 686 914 pro
696 866 734 912 Deo
745 876 799 903 curat.
809 865 886 903 Custodi

152 937 231 964 mentem
245 935 294 963 tuam
307 923 328 961 ab
342 925 379 961 eius
393 924 694 973 11011110111111111151111101111111
708 925 745 962 eius
757 925 821 973 pedem
834 935 885 963 tuum

152 1000 174 1024 ne
188 986 274 1035 posueris.
289 984 375 1033 Quisquis
389 994 406 1020 te
420 984 534 1027 monachum,
549 995 565 1021 et
578 984 612 1021 Dei
625 985 728 1022 ministrum
744 984 826 1022 exhibere
840 985 886 1023 desi-

153 1046 212 1090 deras,
226 1045 306 1095 quisquis
320 1044 419 1081 Dominum
432 1044 491 1080 iesum
510 1044 527 1080 iu
545 1054 583 1081 roto
601 1044 654 1082 corde
671 1044 761 1081 veraciter
774 1057 831 1091 arnas,
847 1056 885 1084 esto

153 1116 220 1149 cautus,
231 1114 247 1143 et
256 1104 331 1154 vigilans
340 1104 358 1140 111
368 1101 450 1140 omnibns
464 1103 547 1152 operibus
561 1104 602 1148 tuis,
612 1113 629 1141 et
639 1105 728 1141 consortia
741 1118 810 1153 semper
824 1118 888 1151 eorum¹

153 1165 215 1214 fugito,
225 1165 243 1201 in
253 1176 329 1214 qnorum
343 1163 378 1199 vita
391 1162 436 1199 nihil
449 1161 540 1199 doctrinae
554 1162 635 1199 coelestis
650 1164 764 1212 conspicitur.
778 1164 885 1209 Humilium,

153 1235 170 1261 et
179 1223 307 1273 perfectionem
317 1223 423 1258 sectantium
433 1220 563 1259 monachorum
574 1234 634 1259 comes
644 1233 688 1268 esto,
698 1232 715 1259 et
724 1223 794 1269 socius;
809 1234 826 1261 et
838 1237 886 1270 111111,

152 1296 205 1333 quem
220 1284 237 1319 in
250 1283 284 1319 Dei
297 1282 362 1318 timore
376 1280 483 1329 cognoveris
497 1293 535 1317 esse
549 1279 648 1328 fundatum,
662 1280 736 1318 libenter
749 1282 823 1320 admitte
836 1296 885 1333 prae-

153 1353 251 1391 ceptorem,
262 1351 315 1390 atque
328 1340 439 1389 magistrum.
454 1340 501 1377 Cum
513 1339 547 1386 his,
557 1340 587 1389 qui
595 1350 655 1377 amant
670 1340 785 1390 disciplinam,
796 1351 812 1378 et
821 1343 885 1379 mentis

152 1402 257 1451 puritatem,
270 1400 345 1437 libenter
358 1399 439 1443 ambula,
453 1409 470 1436 et
483 1398 520 1436 noli
534 1412 572 1436 esse
586 1400 635 1448 quasi
648 1399 713 1446 homo,
727 1400 756 1449 qui
770 1402 819 1438 otnni
833 1412 885 1438 vento

153 1462 199 1500 cedit
213 1463 294 1510 agitatus,
307 1460 338 1497 sed
352 1459 438 1497 confirma
451 1460 468 1496 in
482 1458 530 1496 bono
544 1461 638 1507 proposito
652 1460 728 1497 animam
742 1470 797 1507 tuam,
812 1474 834 1497 ne
847 1473 885 1509 pra-

152 1534 216 1559 vorum
231 1521 323 1569 decipiaris
337 1519 419 1557 consilio.
433 1518 529 1567 Optimum
546 1528 573 1555 est
591 1520 638 1556 enim
657 1519 712 1568 gratia
727 1518 805 1556 stabilite
819 1533 854 1564 cor,
868 1531 886 1557 et

153 1594 185 1619 nec
199 1593 252 1629 posse
266 1579 330 1628 decipi,
340 1592 373 1616 nec
382 1578 427 1615 velle
437 1577 523 1627 decipere.
537 1577 617 1616 Fratrem
631 1578 763 1627 disciplinatum
777 1578 841 1617 habeas
854 1579 885 1617 tibi

152 1641 238 1686 amicum,
252 1647 269 1676 et
283 1651 331 1684 euin,
344 1638 375 1687 qui
388 1649 404 1674 te
418 1636 472 1675 verbo
487 1638 560 1687 corrigit
573 1650 583 1673 a
596 1637 650 1684 111110,
659 1646 677 1674 11
687 1637 767 1687 exemplo
781 1639 851 1676 instruit
863 1639 885 1676 ad

153 1701 228 1745 bonum,
242 1712 287 1743 arna,
301 1709 319 1735 et
333 1711 417 1735 venerare
431 1706 450 1734 ut
464 1708 539 1747 patrem.
554 1698 600 1734 Cum
614 1696 668 1734 fratre
680 1698 760 1746 inquieto
773 1711 809 1735 11011
822 1698 885 1736 habens

153 1759 225 1810 aliquod
238 1758 363 1795 fatniliaritatis
377 1756 516 1803 commercium,
529 1769 551 1793 ne
565 1756 636 1806 quando
654 1757 691 1793 eius
710 1756 818 1794 confortatus
831 1770 885 1806 pravo

153 1819 235 1868 exemplo
248 1819 266 1855 iu
280 1817 396 1855 rebellionem
414 1816 481 1853 incidas
497 1815 621 1864 superborum.
636 1815 735 1852 Monachus
748 1816 854 1862 iracundus,
869 1826 886 1853 et

153 1879 295 1917 mutmuratione
308 1876 370 1925 plenus
383 1888 420 1912 non
433 1876 456 1912 sit
469 1876 487 1911 in
501 1875 555 1912 latere
568 1885 607 1912 tuo:
622 1884 639 1911 et
652 1888 700 1921 euni,
710 1876 740 1924 qui
749 1875 847 1913 maioribus
860 1889 886 1913 re·

154 1939 242 1984 calcitrat,
256 1949 346 1986 turriquarn
360 1935 449 1973 arbitreris
463 1935 547 1971 amicum.
560 1934 621 1978 Quem
634 1934 699 1971 videris
713 1935 750 1971 sine
763 1934 886 1972 benedictione

153 1999 227 2036 senioris
242 2009 329 2034 canonem
342 1995 409 2033 violare
419 1994 485 2038 ieiunii,
495 2004 514 2030 ut
523 1994 593 2031 hostenr
607 1992 648 2043 fuge
661 1993 731 2031 salutis:
745 2003 768 2040 et,
782 1995 811 2043 qui
824 1994 885 2043 loqua-

153 2059 206 2096 citate
219 2056 272 2094 velox
285 2066 319 2102 est,
329 2067 365 2091 non
375 2055 463 2091 existente
477 2066 534 2097 causa,
548 2052 634 2089 subvertit
648 2065 718 2101 pacem,
729 2063 745 2089 et
755 2052 827 2089 suscitat
839 2053 884 2090 lites.

152 2118 209 2162 Quasi
223 2130 232 2153 a
245 2115 290 2153 facie
304 2113 373 2151 colubri
385 2113 427 2162 fuge
440 2112 549 2150 monachum
558 2111 648 2156 rebellem,
658 2121 675 2149 et
684 2111 814 2149 inobedientem
827 2113 885 2149 senio·

153 2176 212 2214 ribus:
227 2177 312 2226 quoniam
326 2187 395 2211 veneno
409 2173 487 2209 malitiae
500 2172 563 2221 plenus
577 2183 654 2218 aestuat,
667 2182 684 2209 et
696 2172 714 2208 in
728 2172 804 2209 elatione
821 2173 885 2210 mentis

152 2237 228 2286 perdidit
242 2237 320 2272 animam
334 2246 391 2270 suam.
405 2233 442 2276 Qui
459 2245 495 2269 non
513 2231 572 2269 obedit
590 2232 674 2268 mandato
692 2231 778 2276 senioris,
792 2244 884 2280 perversus

153 2306 189 2334 est:
205 2305 227 2339 et,
242 2295 272 2344 qui
286 2302 379 2342 correptus
393 2305 429 2329 non
442 2291 551 2334 humiliatur,
561 2301 640 2340 apostata
654 2300 686 2328 est.
698 2291 735 2335 Qui
749 2289 797 2328 fratri
810 2304 843 2328 suo
857 2291 885 2328 de-

153 2356 224 2393 trahens
238 2353 347 2403 obloquitur,
362 2364 398 2389 11011
412 2352 434 2388 511
447 2351 465 2387 111
478 2350 569 2400 colloquio
582 2362 621 2397 tuo,
636 2351 720 2400 quoniam
734 2350 787 2400 longe
804 2360 830 2387 est
847 2350 885 2387 fure

153 2416 236 2453 deterior.
250 2415 310 2458 Quem
324 2413 374 2449 0111111
387 2411 447 2449 studio
461 2412 478 2447 111
492 2411 603 2448 observantia
616 2411 693 2460 regulari
707 2410 771 2448 videris
782 2411 884 2455 sollicitum,

152 2484 172 2513 ut
185 2484 253 2525 patrem
267 2472 340 2518 narrabis,
352 2482 369 2508 et
379 2469 490 2508 veneraberis
504 2471 678 2507 rat-amantissimum
692 2481 830 2519 praeceptorem.
844 2470 885 2507 Eius

153 2535 273 2572 familiaritate
287 2531 395 2569 confidenter
409 2531 469 2574 utaris,
484 2530 533 2567 cuius
548 2530 625 2567 amicitia
639 2543 709 2578 semper
721 2530 739 2567 in
748 2530 781 2567 Dei
794 2543 855 2568 amore
868 2540 885 2567 te

154 2594 206 2631 faciat
219 2592 318 2630 meliorem.
332 2591 386 2628 Viros
400 2600 439 2628 toto
453 2589 512 2627 studio
526 2590 596 2626 imitare
609 2589 676 2633 bonos,
690 2600 707 2626 et
724 2589 795 2626 illorum
813 2601 885 2638 sequere

154 2666 223 2699 mores,
240 2651 270 2701 qui
284 2652 346 2688 vivunt
363 2650 473 2687 monasticae
490 2647 595 2698 perfectioni
613 2647 719 2686 conformes.
733 2648 812 2685 Fratrem
830 2647 886 2685 bonae

153 2714 251 2752 voluntatis
264 2712 308 2750 habe
322 2712 410 2749 amicum:
424 2710 444 2747 ab
458 2724 480 2747 eo
494 2718 560 2757 autem,
571 2710 602 2760 qui
611 2710 650 2749 duri
659 2708 717 2748 cordis
726 2718 757 2755 est,
767 2719 826 2747 averte
836 2721 885 2748 aures
