<?xml version="1.0" encoding="UTF-8"?>
<!DOCTYPE html PUBLIC "-//W3C//DTD XHTML 1.0 Transitional//EN"
    "http://www.w3.org/TR/xhtml1/DTD/xhtml1-transitional.dtd">
<html xmlns="http://www.w3.org/1999/xhtml" xml:lang="en" lang="en">
 <head>
  <title>
</title>
<meta http-equiv="Content-Type" content="text/html;charset=utf-8" />
  <meta name='ocr-system' content='tesseract 3.04.00' />
  <meta name='ocr-capabilities' content='ocr_page ocr_carea ocr_par ocr_line ocrx_word'/>
</head>
<body>
  <div class='ocr_page' id='page_1' title='image "MN5032ucmf_2_0240.png"; bbox 0 0 1968 3023; ppageno 0'>
   <div class='ocr_carea' id='block_1_1' title="bbox 182 132 699 184">
    <p class='ocr_par' dir='ltr' id='par_1_1' title="bbox 182 132 699 184">
     <span class='ocr_line' id='line_1_1' title="bbox 182 132 699 184; baseline 0.008 -17"><span class='ocrx_word' id='word_1_1' title='bbox 182 132 217 168; x_wconf 81' lang='lat'>228</span> <span class='ocrx_word' id='word_1_2' title='bbox 395 133 421 169; x_wconf 82' lang='lat' dir='ltr'>Da</span> <span class='ocrx_word' id='word_1_3' title='bbox 433 145 491 170; x_wconf 80' lang='lat' dir='ltr'>tranant</span> <span class='ocrx_word' id='word_1_4' title='bbox 504 133 602 170; x_wconf 71' lang='lat' dir='ltr'><em>ascensionis</em></span> <span class='ocrx_word' id='word_1_5' title='bbox 615 133 699 184; x_wconf 77' lang='lat' dir='ltr'>gradihus,</span> 
     </span>
    </p>
   </div>
   <div class='ocr_carea' id='block_1_2' title="bbox 65 209 960 2405">
    <p class='ocr_par' dir='ltr' id='par_1_2' title="bbox 90 209 923 1217">
     <span class='ocr_line' id='line_1_2' title="bbox 181 209 915 262; baseline 0.01 -16"><span class='ocrx_word' id='word_1_6' title='bbox 181 209 277 249; x_wconf 90' lang='lat' dir='ltr'>invenitur.</span> <span class='ocrx_word' id='word_1_7' title='bbox 295 212 363 250; x_wconf 89' lang='lat' dir='ltr'>Omnia</span> <span class='ocrx_word' id='word_1_8' title='bbox 375 223 416 250; x_wconf 90' lang='lat' dir='ltr'>sunt</span> <span class='ocrx_word' id='word_1_9' title='bbox 429 212 458 250; x_wconf 92' lang='lat' dir='ltr'>hic</span> <span class='ocrx_word' id='word_1_10' title='bbox 471 213 544 258; x_wconf 88' lang='lat' dir='ltr'>munda,</span> <span class='ocrx_word' id='word_1_11' title='bbox 558 214 619 251; x_wconf 87' lang='lat' dir='ltr'>omnia</span> <span class='ocrx_word' id='word_1_12' title='bbox 636 227 689 262; x_wconf 83' lang='lat' dir='ltr'>pura,</span> <span class='ocrx_word' id='word_1_13' title='bbox 703 215 764 252; x_wconf 89' lang='lat' dir='ltr'>omnia</span> <span class='ocrx_word' id='word_1_14' title='bbox 777 226 841 260; x_wconf 83' lang='lat' dir='ltr'>sancta,</span> <span class='ocrx_word' id='word_1_15' title='bbox 855 217 915 253; x_wconf 87' lang='lat' dir='ltr'>onmia</span> 
     </span>
     <span class='ocr_line' id='line_1_3' title="bbox 182 270 915 323; baseline 0.007 -16"><span class='ocrx_word' id='word_1_16' title='bbox 182 270 271 308; x_wconf 89' lang='lat' dir='ltr'>charitatis</span> <span class='ocrx_word' id='word_1_17' title='bbox 285 271 354 309; x_wconf 87' lang='lat' dir='ltr'>fervore</span> <span class='ocrx_word' id='word_1_18' title='bbox 367 273 473 310; x_wconf 78' lang='lat' dir='ltr'>suavissime</span> <span class='ocrx_word' id='word_1_19' title='bbox 486 271 569 310; x_wconf 84' lang='lat' dir='ltr'>ardentia</span> <span class='ocrx_word' id='word_1_20' title='bbox 582 273 599 311; x_wconf 90' lang='lat' dir='ltr'>O</span> <span class='ocrx_word' id='word_1_21' title='bbox 613 275 628 310; x_wconf 94' lang='lat' dir='ltr'>si</span> <span class='ocrx_word' id='word_1_22' title='bbox 641 273 688 310; x_wconf 93' lang='lat' dir='ltr'>hunc</span> <span class='ocrx_word' id='word_1_23' title='bbox 701 273 777 323; x_wconf 86' lang='lat' dir='ltr'>gradum</span> <span class='ocrx_word' id='word_1_24' title='bbox 787 275 915 312; x_wconf 82' lang='lat' dir='ltr'>contendamus</span> 
     </span>
     <span class='ocr_line' id='line_1_4' title="bbox 181 330 915 383; baseline 0.008 -17"><span class='ocrx_word' id='word_1_25' title='bbox 181 330 288 369; x_wconf 86' lang='lat' dir='ltr'>ascendere?</span> <span class='ocrx_word' id='word_1_26' title='bbox 302 344 312 368; x_wconf 91' lang='lat' dir='ltr'>o</span> <span class='ocrx_word' id='word_1_27' title='bbox 326 333 341 368; x_wconf 92' lang='lat' dir='ltr'>si</span> <span class='ocrx_word' id='word_1_28' title='bbox 358 333 376 369; x_wconf 90' lang='lat' dir='ltr'>in</span> <span class='ocrx_word' id='word_1_29' title='bbox 394 332 440 369; x_wconf 80' lang='lat' dir='ltr'>lsunc</span> <span class='ocrx_word' id='word_1_30' title='bbox 458 343 530 382; x_wconf 90' lang='lat' dir='ltr'>portum</span> <span class='ocrx_word' id='word_1_31' title='bbox 547 333 680 382; x_wconf 75' lang='lat' dir='ltr'>tranquillitatis</span> <span class='ocrx_word' id='word_1_32' title='bbox 699 333 794 383; x_wconf 87' lang='lat' dir='ltr'>aliquando</span> <span class='ocrx_word' id='word_1_33' title='bbox 814 347 915 372; x_wconf 86' lang='lat' dir='ltr'>mereamur</span> 
     </span>
     <span class='ocr_line' id='line_1_5' title="bbox 180 391 915 441; baseline 0.005 -14"><span class='ocrx_word' id='word_1_34' title='bbox 180 391 285 438; x_wconf 83' lang='lat' dir='ltr'>pervenire?</span> <span class='ocrx_word' id='word_1_35' title='bbox 299 391 373 435; x_wconf 86' lang='lat' dir='ltr'>Quanto</span> <span class='ocrx_word' id='word_1_36' title='bbox 382 393 439 441; x_wconf 89' lang='lat' dir='ltr'>magis</span> <span class='ocrx_word' id='word_1_37' title='bbox 449 393 466 429; x_wconf 93' lang='lat' dir='ltr'>in</span> <span class='ocrx_word' id='word_1_38' title='bbox 476 392 510 429; x_wconf 91' lang='lat' dir='ltr'>hoc</span> <span class='ocrx_word' id='word_1_39' title='bbox 523 402 584 430; x_wconf 90' lang='lat' dir='ltr'>sancto</span> <span class='ocrx_word' id='word_1_40' title='bbox 594 392 666 430; x_wconf 87' lang='lat' dir='ltr'>climate</span> <span class='ocrx_word' id='word_1_41' title='bbox 679 394 778 431; x_wconf 84' lang='lat' dir='ltr'>consistens</span> <span class='ocrx_word' id='word_1_42' title='bbox 788 394 866 431; x_wconf 89' lang='lat' dir='ltr'>internae</span> <span class='ocrx_word' id='word_1_43' title='bbox 876 407 915 431; x_wconf 89' lang='lat' dir='ltr'>sua-</span> 
     </span>
     <span class='ocr_line' id='line_1_6' title="bbox 180 449 915 501; baseline 0.005 -15"><span class='ocrx_word' id='word_1_44' title='bbox 180 451 240 487; x_wconf 90' lang='lat' dir='ltr'>vitatis</span> <span class='ocrx_word' id='word_1_45' title='bbox 259 449 372 488; x_wconf 83' lang='lat' dir='ltr'>dnlcedinem</span> <span class='ocrx_word' id='word_1_46' title='bbox 390 461 461 500; x_wconf 87' lang='lat' dir='ltr'>gustare</span> <span class='ocrx_word' id='word_1_47' title='bbox 479 452 564 501; x_wconf 80' lang='lat' dir='ltr'>coeperit,</span> <span class='ocrx_word' id='word_1_48' title='bbox 578 461 628 489; x_wconf 90' lang='lat' dir='ltr'>tanto</span> <span class='ocrx_word' id='word_1_49' title='bbox 642 453 659 489; x_wconf 90' lang='lat' dir='ltr'>in</span> <span class='ocrx_word' id='word_1_50' title='bbox 675 453 764 490; x_wconf 82' lang='lat' dir='ltr'>anteriora</span> <span class='ocrx_word' id='word_1_51' title='bbox 777 453 862 490; x_wconf 84' lang='lat' dir='ltr'>festinans</span> <span class='ocrx_word' id='word_1_52' title='bbox 878 467 915 490; x_wconf 89' lang='lat' dir='ltr'>am-</span> 
     </span>
     <span class='ocr_line' id='line_1_7' title="bbox 180 506 914 561; baseline 0.004 -14"><span class='ocrx_word' id='word_1_53' title='bbox 180 510 226 558; x_wconf 89' lang='lat' dir='ltr'>plius</span> <span class='ocrx_word' id='word_1_54' title='bbox 240 512 356 561; x_wconf 81' lang='lat' dir='ltr'>concupiscit.</span> <span class='ocrx_word' id='word_1_55' title='bbox 369 512 387 549; x_wconf 91' lang='lat' dir='ltr'>O</span> <span class='ocrx_word' id='word_1_56' title='bbox 396 513 452 549; x_wconf 87' lang='lat' dir='ltr'>sancti</span> <span class='ocrx_word' id='word_1_57' title='bbox 465 506 530 550; x_wconf 87' lang='lat' dir='ltr'>amoris</span> <span class='ocrx_word' id='word_1_58' title='bbox 544 512 660 561; x_wconf 88' lang='lat' dir='ltr'>praedicanda</span> <span class='ocrx_word' id='word_1_59' title='bbox 673 526 744 561; x_wconf 86' lang='lat' dir='ltr'>semper</span> <span class='ocrx_word' id='word_1_60' title='bbox 757 512 854 560; x_wconf 87' lang='lat' dir='ltr'>desideria;</span> <span class='ocrx_word' id='word_1_61' title='bbox 866 527 876 550; x_wconf 93' lang='lat' dir='ltr'>o</span> <span class='ocrx_word' id='word_1_62' title='bbox 886 526 914 551; x_wconf 93' lang='lat' dir='ltr'>ve-</span> 
     </span>
     <span class='ocr_line' id='line_1_8' title="bbox 180 570 923 622; baseline 0.004 -16"><span class='ocrx_word' id='word_1_63' title='bbox 180 570 268 607; x_wconf 90' lang='lat' dir='ltr'>nerandae</span> <span class='ocrx_word' id='word_1_64' title='bbox 287 570 402 620; x_wconf 85' lang='lat' dir='ltr'>perfectionis</span> <span class='ocrx_word' id='word_1_65' title='bbox 420 573 512 620; x_wconf 79' lang='lat' dir='ltr'>exercitia,</span> <span class='ocrx_word' id='word_1_66' title='bbox 526 571 555 609; x_wconf 88' lang='lat' dir='ltr'>ubi</span> <span class='ocrx_word' id='word_1_67' title='bbox 573 572 640 610; x_wconf 88' lang='lat' dir='ltr'>rnunda</span> <span class='ocrx_word' id='word_1_68' title='bbox 653 573 699 609; x_wconf 92' lang='lat' dir='ltr'>nitet</span> <span class='ocrx_word' id='word_1_69' title='bbox 712 573 750 610; x_wconf 88' lang='lat' dir='ltr'>sine</span> <span class='ocrx_word' id='word_1_70' title='bbox 763 573 840 622; x_wconf 90' lang='lat' dir='ltr'>peccatis</span> <span class='ocrx_word' id='word_1_71' title='bbox 853 573 923 610; x_wconf 91' lang='lat' dir='ltr'>Deum·</span> 
     </span>
     <span class='ocr_line' id='line_1_9' title="bbox 180 630 913 681; baseline 0.003 -15"><span class='ocrx_word' id='word_1_72' title='bbox 180 630 256 667; x_wconf 91' lang='lat' dir='ltr'>amantis</span> <span class='ocrx_word' id='word_1_73' title='bbox 270 631 384 678; x_wconf 84' lang='lat' dir='ltr'>conscientia,</span> <span class='ocrx_word' id='word_1_74' title='bbox 394 630 424 668; x_wconf 92' lang='lat' dir='ltr'>nbi</span> <span class='ocrx_word' id='word_1_75' title='bbox 438 642 527 669; x_wconf 90' lang='lat' dir='ltr'>cessarunt</span> <span class='ocrx_word' id='word_1_76' title='bbox 538 633 624 669; x_wconf 91' lang='lat' dir='ltr'>vitiorum</span> <span class='ocrx_word' id='word_1_77' title='bbox 637 632 719 681; x_wconf 87' lang='lat' dir='ltr'>improba</span> <span class='ocrx_word' id='word_1_78' title='bbox 733 633 834 679; x_wconf 80' lang='lat' dir='ltr'>certamina,</span> <span class='ocrx_word' id='word_1_79' title='bbox 844 641 861 669; x_wconf 90' lang='lat' dir='ltr'>et</span> <span class='ocrx_word' id='word_1_80' title='bbox 874 645 913 668; x_wconf 89' lang='lat' dir='ltr'>suc-</span> 
     </span>
     <span class='ocr_line' id='line_1_10' title="bbox 180 691 913 742; baseline 0.001 -15"><span class='ocrx_word' id='word_1_81' title='bbox 180 691 233 728; x_wconf 92' lang='lat' dir='ltr'>cessit</span> <span class='ocrx_word' id='word_1_82' title='bbox 250 691 369 740; x_wconf 89' lang='lat' dir='ltr'>tranquillitas</span> <span class='ocrx_word' id='word_1_83' title='bbox 385 705 454 742; x_wconf 86' lang='lat' dir='ltr'>magna.</span> <span class='ocrx_word' id='word_1_84' title='bbox 472 693 546 730; x_wconf 89' lang='lat' dir='ltr'>Nonum</span> <span class='ocrx_word' id='word_1_85' title='bbox 562 693 637 742; x_wconf 86' lang='lat' dir='ltr'>gradum</span> <span class='ocrx_word' id='word_1_86' title='bbox 654 693 752 730; x_wconf 89' lang='lat' dir='ltr'>ascendunt</span> <span class='ocrx_word' id='word_1_87' title='bbox 770 694 787 729; x_wconf 92' lang='lat' dir='ltr'>in</span> <span class='ocrx_word' id='word_1_88' title='bbox 801 702 865 730; x_wconf 87' lang='lat' dir='ltr'>octavo</span> <span class='ocrx_word' id='word_1_89' title='bbox 878 693 913 729; x_wconf 91' lang='lat' dir='ltr'>iam</span> 
     </span>
     <span class='ocr_line' id='line_1_11' title="bbox 180 751 913 801; baseline 0.001 -14"><span class='ocrx_word' id='word_1_90' title='bbox 180 752 305 798; x_wconf 86' lang='lat' dir='ltr'>consummati,</span> <span class='ocrx_word' id='word_1_91' title='bbox 315 751 345 800; x_wconf 94' lang='lat' dir='ltr'>qui</span> <span class='ocrx_word' id='word_1_92' title='bbox 355 752 415 788; x_wconf 89' lang='lat' dir='ltr'>onmia</span> <span class='ocrx_word' id='word_1_93' title='bbox 428 752 536 801; x_wconf 89' lang='lat' dir='ltr'>praescripta</span> <span class='ocrx_word' id='word_1_94' title='bbox 545 765 595 800; x_wconf 85' lang='lat' dir='ltr'>pure,</span> <span class='ocrx_word' id='word_1_95' title='bbox 605 761 622 788; x_wconf 88' lang='lat' dir='ltr'>et</span> <span class='ocrx_word' id='word_1_96' title='bbox 631 752 737 800; x_wconf 87' lang='lat' dir='ltr'>simpliciter</span> <span class='ocrx_word' id='word_1_97' title='bbox 747 762 820 801; x_wconf 87' lang='lat' dir='ltr'>propter</span> <span class='ocrx_word' id='word_1_98' title='bbox 833 764 913 789; x_wconf 88' lang='lat' dir='ltr'>amorem</span> 
     </span>
     <span class='ocr_line' id='line_1_12' title="bbox 178 811 913 861; baseline 0 -14"><span class='ocrx_word' id='word_1_99' title='bbox 178 811 212 848; x_wconf 92' lang='lat' dir='ltr'>Dei</span> <span class='ocrx_word' id='word_1_100' title='bbox 224 811 328 848; x_wconf 83' lang='lat' dir='ltr'>custodiunt</span> <span class='ocrx_word' id='word_1_101' title='bbox 333 827 338 858; x_wconf 90' lang='lat'>;</span> <span class='ocrx_word' id='word_1_102' title='bbox 349 813 369 848; x_wconf 63' lang='lat' dir='ltr'>’et</span> <span class='ocrx_word' id='word_1_103' title='bbox 382 812 426 849; x_wconf 87' lang='lat' dir='ltr'>nihil</span> <span class='ocrx_word' id='word_1_104' title='bbox 439 811 493 856; x_wconf 88' lang='lat' dir='ltr'>aliud,</span> <span class='ocrx_word' id='word_1_105' title='bbox 509 824 560 861; x_wconf 88' lang='lat' dir='ltr'>qnam</span> <span class='ocrx_word' id='word_1_106' title='bbox 570 812 630 848; x_wconf 90' lang='lat' dir='ltr'>Deum</span> <span class='ocrx_word' id='word_1_107' title='bbox 644 812 722 858; x_wconf 85' lang='lat' dir='ltr'>laudare,</span> <span class='ocrx_word' id='word_1_108' title='bbox 731 811 841 858; x_wconf 83' lang='lat' dir='ltr'>benedicere,</span> <span class='ocrx_word' id='word_1_109' title='bbox 851 820 868 848; x_wconf 89' lang='lat' dir='ltr'>et</span> <span class='ocrx_word' id='word_1_110' title='bbox 877 811 913 860; x_wconf 86' lang='lat' dir='ltr'>glo·</span> 
     </span>
     <span class='ocr_line' id='line_1_13' title="bbox 177 870 912 920; baseline -0.001 -13"><span class='ocrx_word' id='word_1_111' title='bbox 177 870 246 908; x_wconf 88' lang='lat' dir='ltr'>rificare</span> <span class='ocrx_word' id='word_1_112' title='bbox 266 872 401 920; x_wconf 87' lang='lat' dir='ltr'>concupiscunt.</span> <span class='ocrx_word' id='word_1_113' title='bbox 421 871 507 920; x_wconf 85' lang='lat' dir='ltr'>Quisquis</span> <span class='ocrx_word' id='word_1_114' title='bbox 520 871 567 908; x_wconf 92' lang='lat' dir='ltr'>hunc</span> <span class='ocrx_word' id='word_1_115' title='bbox 580 870 697 920; x_wconf 82' lang='lat' dir='ltr'>perfectionis</span> <span class='ocrx_word' id='word_1_116' title='bbox 710 870 786 920; x_wconf 89' lang='lat' dir='ltr'>gradum</span> <span class='ocrx_word' id='word_1_117' title='bbox 804 870 912 916; x_wconf 83' lang='lat' dir='ltr'>ascenderit,</span> 
     </span>
     <span class='ocr_line' id='line_1_14' title="bbox 178 930 912 980; baseline 0 -14"><span class='ocrx_word' id='word_1_118' title='bbox 178 932 228 980; x_wconf 86' lang='lat' dir='ltr'>quasi</span> <span class='ocrx_word' id='word_1_119' title='bbox 238 930 303 969; x_wconf 90' lang='lat' dir='ltr'>oblitus</span> <span class='ocrx_word' id='word_1_120' title='bbox 313 932 341 967; x_wconf 89' lang='lat' dir='ltr'>sui</span> <span class='ocrx_word' id='word_1_121' title='bbox 350 932 389 968; x_wconf 90' lang='lat' dir='ltr'>Deo</span> <span class='ocrx_word' id='word_1_122' title='bbox 398 944 417 968; x_wconf 90' lang='lat' dir='ltr'>se</span> <span class='ocrx_word' id='word_1_123' title='bbox 426 941 484 968; x_wconf 88' lang='lat' dir='ltr'>totum</span> <span class='ocrx_word' id='word_1_124' title='bbox 493 931 590 979; x_wconf 83' lang='lat' dir='ltr'>resignans,</span> <span class='ocrx_word' id='word_1_125' title='bbox 600 931 693 968; x_wconf 91' lang='lat' dir='ltr'>humiliter</span> <span class='ocrx_word' id='word_1_126' title='bbox 706 930 801 967; x_wconf 81' lang='lat' dir='ltr'>submittit.</span> <span class='ocrx_word' id='word_1_127' title='bbox 816 930 843 967; x_wconf 85' lang='lat' dir='ltr'>Ad</span> <span class='ocrx_word' id='word_1_128' title='bbox 853 931 912 967; x_wconf 78' lang='lat' dir='ltr'>omitia</span> 
     </span>
     <span class='ocr_line' id='line_1_15' title="bbox 177 988 912 1039; baseline 0 -14"><span class='ocrx_word' id='word_1_129' title='bbox 177 989 212 1026; x_wconf 87' lang='lat' dir='ltr'>Dei</span> <span class='ocrx_word' id='word_1_130' title='bbox 225 988 311 1026; x_wconf 86' lang='lat' dir='ltr'>beneficia</span> <span class='ocrx_word' id='word_1_131' title='bbox 325 989 418 1038; x_wconf 86' lang='lat' dir='ltr'>indignum</span> <span class='ocrx_word' id='word_1_132' title='bbox 428 1003 446 1027; x_wconf 90' lang='lat' dir='ltr'>se</span> <span class='ocrx_word' id='word_1_133' title='bbox 455 999 533 1039; x_wconf 86' lang='lat' dir='ltr'>repntat;</span> <span class='ocrx_word' id='word_1_134' title='bbox 547 989 568 1026; x_wconf 90' lang='lat' dir='ltr'>de</span> <span class='ocrx_word' id='word_1_135' title='bbox 582 990 641 1038; x_wconf 89' lang='lat' dir='ltr'>seipso</span> <span class='ocrx_word' id='word_1_136' title='bbox 653 989 698 1026; x_wconf 89' lang='lat' dir='ltr'>nihil</span> <span class='ocrx_word' id='word_1_137' title='bbox 712 990 783 1039; x_wconf 90' lang='lat' dir='ltr'>penitus</span> <span class='ocrx_word' id='word_1_138' title='bbox 798 999 855 1036; x_wconf 86' lang='lat' dir='ltr'>curat;</span> <span class='ocrx_word' id='word_1_139' title='bbox 869 1002 912 1038; x_wconf 94' lang='lat' dir='ltr'>quo-</span> 
     </span>
     <span class='ocr_line' id='line_1_16' title="bbox 177 1048 912 1096; baseline -0.001 -11"><span class='ocrx_word' id='word_1_140' title='bbox 177 1050 225 1086; x_wconf 89' lang='lat' dir='ltr'>niam</span> <span class='ocrx_word' id='word_1_141' title='bbox 239 1063 257 1087; x_wconf 88' lang='lat' dir='ltr'>se</span> <span class='ocrx_word' id='word_1_142' title='bbox 271 1059 330 1086; x_wconf 89' lang='lat' dir='ltr'>totum</span> <span class='ocrx_word' id='word_1_143' title='bbox 339 1050 378 1087; x_wconf 89' lang='lat' dir='ltr'>Deo</span> <span class='ocrx_word' id='word_1_144' title='bbox 392 1050 427 1086; x_wconf 86' lang='lat' dir='ltr'>iam</span> <span class='ocrx_word' id='word_1_145' title='bbox 440 1048 502 1086; x_wconf 86' lang='lat' dir='ltr'>didicit</span> <span class='ocrx_word' id='word_1_146' title='bbox 516 1049 636 1096; x_wconf 80' lang='lat' dir='ltr'>committere,</span> <span class='ocrx_word' id='word_1_147' title='bbox 650 1049 718 1086; x_wconf 86' lang='lat' dir='ltr'>eteius</span> <span class='ocrx_word' id='word_1_148' title='bbox 732 1049 840 1089; x_wconf 88' lang='lat' dir='ltr'>ordinationi</span> <span class='ocrx_word' id='word_1_149' title='bbox 854 1048 912 1085; x_wconf 92' lang='lat' dir='ltr'>humi-</span> 
     </span>
     <span class='ocr_line' id='line_1_17' title="bbox 90 1108 912 1157; baseline -0.004 -10"><span class='ocrx_word' id='word_1_150' title='bbox 90 1121 136 1156; x_wconf 76' lang='lat' dir='ltr'>nlaltp.</span> <span class='ocrx_word' id='word_1_151' title='bbox 146 1131 157 1149; x_wconf 87' lang='lat'>1.</span> <span class='ocrx_word' id='word_1_152' title='bbox 177 1109 219 1146; x_wconf 89' lang='lat' dir='ltr'>liter</span> <span class='ocrx_word' id='word_1_153' title='bbox 232 1110 250 1146; x_wconf 93' lang='lat' dir='ltr'>in</span> <span class='ocrx_word' id='word_1_154' title='bbox 266 1108 350 1146; x_wconf 91' lang='lat' dir='ltr'>omnibns</span> <span class='ocrx_word' id='word_1_155' title='bbox 367 1108 464 1146; x_wconf 80' lang='lat' dir='ltr'>subiacere,</span> <span class='ocrx_word' id='word_1_156' title='bbox 483 1108 535 1145; x_wconf 87' lang='lat' dir='ltr'>Unde</span> <span class='ocrx_word' id='word_1_157' title='bbox 551 1121 585 1144; x_wconf 89' lang='lat' dir='ltr'>nec</span> <span class='ocrx_word' id='word_1_158' title='bbox 599 1109 684 1146; x_wconf 87' lang='lat' dir='ltr'>miracula</span> <span class='ocrx_word' id='word_1_159' title='bbox 698 1110 750 1156; x_wconf 85' lang='lat' dir='ltr'>petit,</span> <span class='ocrx_word' id='word_1_160' title='bbox 764 1121 797 1145; x_wconf 87' lang='lat' dir='ltr'>nec</span> <span class='ocrx_word' id='word_1_161' title='bbox 814 1108 880 1157; x_wconf 87' lang='lat' dir='ltr'>aliquas</span> <span class='ocrx_word' id='word_1_162' title='bbox 894 1108 912 1144; x_wconf 94' lang='lat' dir='ltr'>in</span> 
     </span>
     <span class='ocr_line' id='line_1_18' title="bbox 177 1166 911 1217; baseline -0.003 -13"><span class='ocrx_word' id='word_1_163' title='bbox 177 1168 209 1205; x_wconf 88' lang='lat' dir='ltr'>hac</span> <span class='ocrx_word' id='word_1_164' title='bbox 222 1169 259 1205; x_wconf 87' lang='lat' dir='ltr'>vita</span> <span class='ocrx_word' id='word_1_165' title='bbox 273 1168 405 1205; x_wconf 84' lang='lat' dir='ltr'>consolationes</span> <span class='ocrx_word' id='word_1_166' title='bbox 422 1168 506 1217; x_wconf 88' lang='lat' dir='ltr'>postulat;</span> <span class='ocrx_word' id='word_1_167' title='bbox 520 1167 551 1205; x_wconf 89' lang='lat' dir='ltr'>sed</span> <span class='ocrx_word' id='word_1_168' title='bbox 565 1180 605 1204; x_wconf 92' lang='lat' dir='ltr'>cnm</span> <span class='ocrx_word' id='word_1_169' title='bbox 623 1178 686 1205; x_wconf 91' lang='lat' dir='ltr'>sancto</span> <span class='ocrx_word' id='word_1_170' title='bbox 700 1167 767 1214; x_wconf 84' lang='lat' dir='ltr'>Christi</span> <span class='ocrx_word' id='word_1_171' title='bbox 780 1166 869 1216; x_wconf 89' lang='lat' dir='ltr'>Apostolo</span> <span class='ocrx_word' id='word_1_172' title='bbox 883 1179 911 1203; x_wconf 91' lang='lat' dir='ltr'>ve-</span> 
     </span>
    </p>

    <p class='ocr_par' dir='ltr' id='par_1_3' title="bbox 65 1227 960 2405">
     <span class='ocr_line' id='line_1_19' title="bbox 100 1227 960 1275; baseline -0.001 -11"><span class='ocrx_word' id='word_1_173' title='bbox 100 1244 156 1271; x_wconf 76' lang='lat' dir='ltr'>alaudas</span> <span class='ocrx_word' id='word_1_174' title='bbox 176 1229 240 1265; x_wconf 88' lang='lat' dir='ltr'>racitet</span> <span class='ocrx_word' id='word_1_175' title='bbox 254 1228 324 1275; x_wconf 85' lang='lat' dir='ltr'>clamat,</span> <span class='ocrx_word' id='word_1_176' title='bbox 338 1228 384 1265; x_wconf 88' lang='lat' dir='ltr'>Mihi</span> <span class='ocrx_word' id='word_1_177' title='bbox 393 1229 452 1265; x_wconf 91' lang='lat' dir='ltr'>vivere</span> <span class='ocrx_word' id='word_1_178' title='bbox 462 1228 543 1266; x_wconf 90' lang='lat' dir='ltr'>Christus</span> <span class='ocrx_word' id='word_1_179' title='bbox 553 1238 585 1274; x_wconf 86' lang='lat' dir='ltr'>est,</span> <span class='ocrx_word' id='word_1_180' title='bbox 595 1238 611 1266; x_wconf 91' lang='lat' dir='ltr'>et</span> <span class='ocrx_word' id='word_1_181' title='bbox 622 1229 669 1265; x_wconf 91' lang='lat' dir='ltr'>mori</span> <span class='ocrx_word' id='word_1_182' title='bbox 682 1228 759 1266; x_wconf 89' lang='lat' dir='ltr'>lucrum.</span> <span class='ocrx_word' id='word_1_183' title='bbox 773 1227 851 1264; x_wconf 91' lang='lat' dir='ltr'>Mundus</span> <span class='ocrx_word' id='word_1_184' title='bbox 863 1228 911 1264; x_wconf 90' lang='lat' dir='ltr'>enim</span> <span class='ocrx_word' id='word_1_185' title='bbox 959 1253 960 1256; x_wconf 21' lang='grc' dir='ltr'>η</span> 
     </span>
     <span class='ocr_line' id='line_1_20' title="bbox 69 1279 911 1341; baseline -0.002 -16"><span class='ocrx_word' id='word_1_186' title='bbox 69 1279 117 1341; x_wconf 55' lang='lat' dir='ltr'>{iffi}</span> <span class='ocrx_word' id='word_1_187' title='bbox 127 1288 155 1306; x_wconf 71' lang='lat'>‘¹¹¹&#39;</span> <span class='ocrx_word' id='word_1_188' title='bbox 176 1287 220 1325; x_wconf 91' lang='lat' dir='ltr'>mihi</span> <span class='ocrx_word' id='word_1_189' title='bbox 234 1288 329 1325; x_wconf 78' lang='lat' dir='ltr'>crucifixus</span> <span class='ocrx_word' id='word_1_190' title='bbox 339 1298 356 1325; x_wconf 91' lang='lat' dir='ltr'>et</span> <span class='ocrx_word' id='word_1_191' title='bbox 365 1301 399 1338; x_wconf 87' lang='lat' dir='ltr'>ego</span> <span class='ocrx_word' id='word_1_192' title='bbox 408 1288 482 1325; x_wconf 81' lang='grc'><strong>1111111110.</strong></span> <span class='ocrx_word' id='word_1_193' title='bbox 495 1289 553 1326; x_wconf 79' lang='lat' dir='ltr'>Verus</span> <span class='ocrx_word' id='word_1_194' title='bbox 567 1289 633 1325; x_wconf 84' lang='lat' dir='ltr'>etenim</span> <span class='ocrx_word' id='word_1_195' title='bbox 643 1287 710 1324; x_wconf 84' lang='lat' dir='ltr'>Christi</span> <span class='ocrx_word' id='word_1_196' title='bbox 723 1297 793 1325; x_wconf 88' lang='lat' dir='ltr'>amator</span> <span class='ocrx_word' id='word_1_197' title='bbox 806 1286 911 1332; x_wconf 88' lang='lat' dir='ltr'>monachus,</span> 
     </span>
     <span class='ocr_line' id='line_1_21' title="bbox 175 1346 910 1395; baseline -0.001 -12"><span class='ocrx_word' id='word_1_198' title='bbox 175 1360 194 1383; x_wconf 90' lang='lat' dir='ltr'>se</span> <span class='ocrx_word' id='word_1_199' title='bbox 208 1357 267 1385; x_wconf 87' lang='lat' dir='ltr'>toturn</span> <span class='ocrx_word' id='word_1_200' title='bbox 280 1348 319 1385; x_wconf 90' lang='lat' dir='ltr'>Deo</span> <span class='ocrx_word' id='word_1_201' title='bbox 333 1360 354 1384; x_wconf 78' lang='lat' dir='ltr'>ex</span> <span class='ocrx_word' id='word_1_202' title='bbox 368 1346 453 1384; x_wconf 86' lang='lat' dir='ltr'>charitate</span> <span class='ocrx_word' id='word_1_203' title='bbox 470 1347 539 1392; x_wconf 88' lang='lat' dir='ltr'>obtulit,</span> <span class='ocrx_word' id='word_1_204' title='bbox 554 1356 570 1384; x_wconf 91' lang='lat' dir='ltr'>et</span> <span class='ocrx_word' id='word_1_205' title='bbox 584 1346 672 1395; x_wconf 85' lang='lat' dir='ltr'>mnndum</span> <span class='ocrx_word' id='word_1_206' title='bbox 687 1360 726 1383; x_wconf 78' lang='lat' dir='ltr'>crint</span> <span class='ocrx_word' id='word_1_207' title='bbox 741 1346 823 1384; x_wconf 86' lang='lat' dir='ltr'>omnibus</span> <span class='ocrx_word' id='word_1_208' title='bbox 837 1346 910 1393; x_wconf 88' lang='lat' dir='ltr'>divitiis,</span> 
     </span>
     <span class='ocr_line' id='line_1_22' title="bbox 175 1406 908 1457; baseline -0.003 -12"><span class='ocrx_word' id='word_1_209' title='bbox 175 1407 285 1454; x_wconf 84' lang='lat' dir='ltr'>honoribus,</span> <span class='ocrx_word' id='word_1_210' title='bbox 300 1417 318 1445; x_wconf 90' lang='lat' dir='ltr'>et</span> <span class='ocrx_word' id='word_1_211' title='bbox 331 1408 438 1445; x_wconf 86' lang='lat' dir='ltr'>vanitatibus</span> <span class='ocrx_word' id='word_1_212' title='bbox 456 1408 569 1457; x_wconf 76' lang='lat' dir='ltr'>contempsit¹</span> <span class='ocrx_word' id='word_1_213' title='bbox 588 1407 639 1445; x_wconf 90' lang='lat' dir='ltr'>Unde</span> <span class='ocrx_word' id='word_1_214' title='bbox 653 1407 731 1444; x_wconf 81' lang='lat' dir='ltr'>ntrtndus</span> <span class='ocrx_word' id='word_1_215' title='bbox 747 1408 762 1444; x_wconf 89' lang='lat' dir='ltr'>ei</span> <span class='ocrx_word' id='word_1_216' title='bbox 776 1406 870 1444; x_wconf 79' lang='lat' dir='ltr'>crucifixus</span> <span class='ocrx_word' id='word_1_217' title='bbox 885 1406 908 1443; x_wconf 89' lang='lat' dir='ltr'>di·</span> 
     </span>
     <span class='ocr_line' id='line_1_23' title="bbox 176 1466 909 1517; baseline -0.001 -13"><span class='ocrx_word' id='word_1_218' title='bbox 176 1468 229 1511; x_wconf 84' lang='lat' dir='ltr'>citur,</span> <span class='ocrx_word' id='word_1_219' title='bbox 243 1468 262 1504; x_wconf 95' lang='lat' dir='ltr'>in</span> <span class='ocrx_word' id='word_1_220' title='bbox 275 1481 311 1517; x_wconf 84' lang='lat' dir='ltr'>quo</span> <span class='ocrx_word' id='word_1_221' title='bbox 325 1468 369 1504; x_wconf 87' lang='lat' dir='ltr'>nihil</span> <span class='ocrx_word' id='word_1_222' title='bbox 382 1477 418 1515; x_wconf 88' lang='lat' dir='ltr'>est,</span> <span class='ocrx_word' id='word_1_223' title='bbox 432 1467 479 1517; x_wconf 92' lang='lat' dir='ltr'>quod</span> <span class='ocrx_word' id='word_1_224' title='bbox 497 1468 534 1504; x_wconf 90' lang='lat' dir='ltr'>eius</span> <span class='ocrx_word' id='word_1_225' title='bbox 548 1477 640 1516; x_wconf 88' lang='lat' dir='ltr'>penetrare</span> <span class='ocrx_word' id='word_1_226' title='bbox 661 1476 740 1504; x_wconf 90' lang='lat' dir='ltr'>mentem</span> <span class='ocrx_word' id='word_1_227' title='bbox 760 1480 812 1516; x_wconf 91' lang='lat' dir='ltr'>posse</span> <span class='ocrx_word' id='word_1_228' title='bbox 824 1466 909 1503; x_wconf 91' lang='lat' dir='ltr'>videatur.</span> 
     </span>
     <span class='ocr_line' id='line_1_24' title="bbox 175 1526 910 1575; baseline -0.003 -11"><span class='ocrx_word' id='word_1_229' title='bbox 175 1526 248 1564; x_wconf 83' lang='lat' dir='ltr'>foelices</span> <span class='ocrx_word' id='word_1_230' title='bbox 262 1527 288 1564; x_wconf 92' lang='lat' dir='ltr'>illi</span> <span class='ocrx_word' id='word_1_231' title='bbox 301 1527 396 1573; x_wconf 87' lang='lat' dir='ltr'>monachi,</span> <span class='ocrx_word' id='word_1_232' title='bbox 411 1528 440 1575; x_wconf 92' lang='lat' dir='ltr'>qui</span> <span class='ocrx_word' id='word_1_233' title='bbox 454 1540 497 1575; x_wconf 88' lang='lat' dir='ltr'>pura</span> <span class='ocrx_word' id='word_1_234' title='bbox 514 1527 623 1564; x_wconf 88' lang='lat' dir='ltr'>conscientia</span> <span class='ocrx_word' id='word_1_235' title='bbox 636 1526 716 1563; x_wconf 90' lang='lat' dir='ltr'>Domino</span> <span class='ocrx_word' id='word_1_236' title='bbox 730 1527 769 1563; x_wconf 92' lang='lat' dir='ltr'>Deo</span> <span class='ocrx_word' id='word_1_237' title='bbox 783 1528 801 1563; x_wconf 91' lang='lat' dir='ltr'>in</span> <span class='ocrx_word' id='word_1_238' title='bbox 814 1539 856 1563; x_wconf 88' lang='lat' dir='ltr'>vera</span> <span class='ocrx_word' id='word_1_239' title='bbox 870 1526 910 1562; x_wconf 82' lang='lat' dir='ltr'>chn-</span> 
     </span>
     <span class='ocr_line' id='line_1_25' title="bbox 175 1585 909 1635; baseline 0 -13"><span class='ocrx_word' id='word_1_240' title='bbox 175 1586 227 1622; x_wconf 88' lang='lat' dir='ltr'>ritate</span> <span class='ocrx_word' id='word_1_241' title='bbox 240 1587 330 1632; x_wconf 89' lang='lat' dir='ltr'>servinnt;</span> <span class='ocrx_word' id='word_1_242' title='bbox 345 1587 375 1635; x_wconf 95' lang='lat' dir='ltr'>qui</span> <span class='ocrx_word' id='word_1_243' title='bbox 389 1586 421 1623; x_wconf 95' lang='lat' dir='ltr'>sub</span> <span class='ocrx_word' id='word_1_244' title='bbox 435 1586 545 1630; x_wconf 89' lang='lat' dir='ltr'>humilitatis,</span> <span class='ocrx_word' id='word_1_245' title='bbox 560 1595 577 1622; x_wconf 92' lang='lat' dir='ltr'>et</span> <span class='ocrx_word' id='word_1_246' title='bbox 591 1585 702 1623; x_wconf 90' lang='lat' dir='ltr'>obedientiae</span> <span class='ocrx_word' id='word_1_247' title='bbox 715 1587 791 1634; x_wconf 88' lang='lat' dir='ltr'>imperio</span> <span class='ocrx_word' id='word_1_248' title='bbox 804 1587 841 1623; x_wconf 91' lang='lat' dir='ltr'>sine</span> <span class='ocrx_word' id='word_1_249' title='bbox 851 1586 909 1623; x_wconf 82' lang='lat' dir='ltr'>offen·</span> 
     </span>
     <span class='ocr_line' id='line_1_26' title="bbox 175 1644 909 1694; baseline 0 -13"><span class='ocrx_word' id='word_1_250' title='bbox 175 1645 225 1682; x_wconf 88' lang='lat' dir='ltr'>sione</span> <span class='ocrx_word' id='word_1_251' title='bbox 239 1654 324 1690; x_wconf 83' lang='lat' dir='ltr'>currunt3</span> <span class='ocrx_word' id='word_1_252' title='bbox 339 1646 369 1694; x_wconf 90' lang='lat' dir='ltr'>qui</span> <span class='ocrx_word' id='word_1_253' title='bbox 385 1644 460 1694; x_wconf 88' lang='lat' dir='ltr'>gradnrn</span> <span class='ocrx_word' id='word_1_254' title='bbox 478 1644 591 1693; x_wconf 82' lang='lat' dir='ltr'>perfectionis</span> <span class='ocrx_word' id='word_1_255' title='bbox 605 1645 653 1682; x_wconf 86' lang='lat' dir='ltr'>hunc</span> <span class='ocrx_word' id='word_1_256' title='bbox 669 1645 752 1682; x_wconf 87' lang='lat' dir='ltr'>nltirnnm</span> <span class='ocrx_word' id='word_1_257' title='bbox 770 1644 872 1683; x_wconf 90' lang='lat' dir='ltr'>ascendunt.</span> <span class='ocrx_word' id='word_1_258' title='bbox 886 1646 909 1681; x_wconf 93' lang='lat' dir='ltr'>Hi</span> 
     </span>
     <span class='ocr_line' id='line_1_27' title="bbox 174 1696 908 1753; baseline 0.003 -13"><span class='ocrx_word' id='word_1_259' title='bbox 174 1714 215 1741; x_wconf 91' lang='lat' dir='ltr'>sunt</span> <span class='ocrx_word' id='word_1_260' title='bbox 229 1705 266 1741; x_wconf 90' lang='lat' dir='ltr'>veri</span> <span class='ocrx_word' id='word_1_261' title='bbox 284 1704 379 1750; x_wconf 87' lang='lat' dir='ltr'>monachi,</span> <span class='ocrx_word' id='word_1_262' title='bbox 394 1704 424 1753; x_wconf 92' lang='lat' dir='ltr'>qui</span> <span class='ocrx_word' id='word_1_263' title='bbox 440 1703 485 1741; x_wconf 90' lang='lat' dir='ltr'>nihil</span> <span class='ocrx_word' id='word_1_264' title='bbox 504 1703 551 1741; x_wconf 90' lang='lat' dir='ltr'>aliud</span> <span class='ocrx_word' id='word_1_265' title='bbox 571 1714 669 1752; x_wconf 87' lang='lat' dir='ltr'>quaerunt,</span> <span class='ocrx_word' id='word_1_266' title='bbox 688 1717 741 1753; x_wconf 87' lang='lat' dir='ltr'>quam</span> <span class='ocrx_word' id='word_1_267' title='bbox 762 1696 850 1742; x_wconf 85' lang='lat' dir='ltr'>honorem</span> <span class='ocrx_word' id='word_1_268' title='bbox 869 1705 908 1742; x_wconf 90' lang='lat' dir='ltr'>Dei.</span> 
     </span>
     <span class='ocr_line' id='line_1_28' title="bbox 174 1757 909 1812; baseline 0 -12"><span class='ocrx_word' id='word_1_269' title='bbox 174 1763 249 1812; x_wconf 87' lang='lat' dir='ltr'>Nempe,</span> <span class='ocrx_word' id='word_1_270' title='bbox 263 1762 327 1800; x_wconf 87' lang='lat' dir='ltr'>fratres</span> <span class='ocrx_word' id='word_1_271' title='bbox 340 1763 376 1800; x_wconf 90' lang='lat' dir='ltr'>mei</span> <span class='ocrx_word' id='word_1_272' title='bbox 390 1764 471 1812; x_wconf 88' lang='lat' dir='ltr'>quamvis</span> <span class='ocrx_word' id='word_1_273' title='bbox 484 1757 568 1800; x_wconf 80' lang='lat' dir='ltr'>morrachi</span> <span class='ocrx_word' id='word_1_274' title='bbox 581 1775 616 1800; x_wconf 90' lang='lat' dir='ltr'>non</span> <span class='ocrx_word' id='word_1_275' title='bbox 631 1773 723 1800; x_wconf 91' lang='lat' dir='ltr'>teneantur</span> <span class='ocrx_word' id='word_1_276' title='bbox 733 1763 754 1800; x_wconf 88' lang='lat' dir='ltr'>de</span> <span class='ocrx_word' id='word_1_277' title='bbox 765 1764 869 1801; x_wconf 89' lang='lat' dir='ltr'>necessitate</span> <span class='ocrx_word' id='word_1_278' title='bbox 883 1776 909 1800; x_wconf 84' lang='lat' dir='ltr'>sa-</span> 
     </span>
     <span class='ocr_line' id='line_1_29' title="bbox 173 1822 908 1872; baseline 0.001 -13"><span class='ocrx_word' id='word_1_279' title='bbox 173 1822 215 1859; x_wconf 91' lang='lat' dir='ltr'>lutis</span> <span class='ocrx_word' id='word_1_280' title='bbox 235 1836 273 1860; x_wconf 91' lang='lat' dir='ltr'>esse</span> <span class='ocrx_word' id='word_1_281' title='bbox 293 1822 376 1872; x_wconf 79' lang='lat' dir='ltr'>perfecti,</span> <span class='ocrx_word' id='word_1_282' title='bbox 390 1822 470 1872; x_wconf 88' lang='lat' dir='ltr'>alioquin</span> <span class='ocrx_word' id='word_1_283' title='bbox 490 1822 591 1871; x_wconf 86' lang='lat' dir='ltr'>paucissimi</span> <span class='ocrx_word' id='word_1_284' title='bbox 611 1822 731 1867; x_wconf 82' lang='lat' dir='ltr'>salvarentur,</span> <span class='ocrx_word' id='word_1_285' title='bbox 749 1832 831 1860; x_wconf 89' lang='lat' dir='ltr'>tenemur</span> <span class='ocrx_word' id='word_1_286' title='bbox 848 1833 908 1860; x_wconf 91' lang='lat' dir='ltr'>tamen</span> 
     </span>
     <span class='ocr_line' id='line_1_30' title="bbox 173 1881 908 1931; baseline -0.001 -12"><span class='ocrx_word' id='word_1_287' title='bbox 173 1895 236 1919; x_wconf 92' lang='lat' dir='ltr'>omnes</span> <span class='ocrx_word' id='word_1_288' title='bbox 250 1881 296 1919; x_wconf 88' lang='lat' dir='ltr'>bona</span> <span class='ocrx_word' id='word_1_289' title='bbox 305 1882 398 1919; x_wconf 90' lang='lat' dir='ltr'>voluntate</span> <span class='ocrx_word' id='word_1_290' title='bbox 412 1881 433 1919; x_wconf 88' lang='lat' dir='ltr'>ad</span> <span class='ocrx_word' id='word_1_291' title='bbox 443 1881 570 1931; x_wconf 77' lang='lat' dir='ltr'>perlectionem</span> <span class='ocrx_word' id='word_1_292' title='bbox 580 1881 661 1927; x_wconf 87' lang='lat' dir='ltr'>tendere,</span> <span class='ocrx_word' id='word_1_293' title='bbox 671 1891 687 1918; x_wconf 88' lang='lat' dir='ltr'>et</span> <span class='ocrx_word' id='word_1_294' title='bbox 697 1882 767 1930; x_wconf 90' lang='lat' dir='ltr'>quantis</span> <span class='ocrx_word' id='word_1_295' title='bbox 779 1895 874 1930; x_wconf 88' lang='lat' dir='ltr'>possnrnus</span> <span class='ocrx_word' id='word_1_296' title='bbox 883 1882 908 1919; x_wconf 93' lang='lat' dir='ltr'>vi·</span> 
     </span>
     <span class='ocr_line' id='line_1_31' title="bbox 66 1940 908 2001; baseline 0 -24"><span class='ocrx_word' id='word_1_297' title='bbox 66 1941 152 2001; x_wconf 35' lang='lat' dir='ltr'>&amp;1212ng</span> <span class='ocrx_word' id='word_1_298' title='bbox 174 1940 221 1978; x_wconf 93' lang='lat' dir='ltr'>ribus</span> <span class='ocrx_word' id='word_1_299' title='bbox 234 1941 256 1978; x_wconf 88' lang='lat' dir='ltr'>ad</span> <span class='ocrx_word' id='word_1_300' title='bbox 269 1954 338 1979; x_wconf 89' lang='lat' dir='ltr'>nouum</span> <span class='ocrx_word' id='word_1_301' title='bbox 351 1941 398 1977; x_wconf 94' lang='lat' dir='ltr'>hunc</span> <span class='ocrx_word' id='word_1_302' title='bbox 411 1940 485 1990; x_wconf 88' lang='lat' dir='ltr'>gradum</span> <span class='ocrx_word' id='word_1_303' title='bbox 500 1940 586 1978; x_wconf 87' lang='lat' dir='ltr'>anhelare.</span> <span class='ocrx_word' id='word_1_304' title='bbox 596 1941 699 1978; x_wconf 91' lang='lat' dir='ltr'>Monastico</span> <span class='ocrx_word' id='word_1_305' title='bbox 712 1941 800 1990; x_wconf 89' lang='lat' dir='ltr'>siquidem</span> <span class='ocrx_word' id='word_1_306' title='bbox 814 1942 908 1990; x_wconf 91' lang='lat' dir='ltr'>proposito</span> 
     </span>
     <span class='ocr_line' id='line_1_32' title="bbox 66 1998 908 2049; baseline 0.002 -14"><span class='ocrx_word' id='word_1_307' title='bbox 66 2010 120 2035; x_wconf 75' lang='lat' dir='ltr'>rendere</span> <span class='ocrx_word' id='word_1_308' title='bbox 131 2010 153 2036; x_wconf 75' lang='lat' dir='ltr'>te·</span> <span class='ocrx_word' id='word_1_309' title='bbox 173 2000 223 2037; x_wconf 87' lang='lat' dir='ltr'>valde</span> <span class='ocrx_word' id='word_1_310' title='bbox 238 2002 348 2038; x_wconf 89' lang='lat' dir='ltr'>contrarium</span> <span class='ocrx_word' id='word_1_311' title='bbox 361 2010 393 2046; x_wconf 90' lang='lat' dir='ltr'>est,</span> <span class='ocrx_word' id='word_1_312' title='bbox 402 1999 450 2037; x_wconf 93' lang='lat' dir='ltr'>nolle</span> <span class='ocrx_word' id='word_1_313' title='bbox 459 1998 544 2048; x_wconf 87' lang='lat' dir='ltr'>proficere</span> <span class='ocrx_word' id='word_1_314' title='bbox 548 2015 552 2047; x_wconf 84' lang='lat'>;</span> <span class='ocrx_word' id='word_1_315' title='bbox 563 2001 661 2048; x_wconf 84' lang='lat' dir='ltr'>apostasiae</span> <span class='ocrx_word' id='word_1_316' title='bbox 671 2013 733 2048; x_wconf 86' lang='lat' dir='ltr'>genus,</span> <span class='ocrx_word' id='word_1_317' title='bbox 743 2009 784 2048; x_wconf 89' lang='lat' dir='ltr'>post</span> <span class='ocrx_word' id='word_1_318' title='bbox 797 2010 859 2037; x_wconf 91' lang='lat' dir='ltr'>votum</span> <span class='ocrx_word' id='word_1_319' title='bbox 869 2013 908 2049; x_wconf 88' lang='lat' dir='ltr'>per-</span> 
     </span>
     <span class='ocr_line' id='line_1_33' title="bbox 65 2044 908 2109; baseline 0.001 -13"><span class='ocrx_word' id='word_1_320' title='bbox 65 2044 152 2106; x_wconf 53' lang='lat' dir='ltr'>ieeiqssffcffi*</span> <span class='ocrx_word' id='word_1_321' title='bbox 173 2059 263 2106; x_wconf 88' lang='lat' dir='ltr'>fectionis,</span> <span class='ocrx_word' id='word_1_322' title='bbox 278 2061 296 2097; x_wconf 92' lang='lat' dir='ltr'>in</span> <span class='ocrx_word' id='word_1_323' title='bbox 309 2059 444 2108; x_wconf 81' lang='lat' dir='ltr'>imperfectione</span> <span class='ocrx_word' id='word_1_324' title='bbox 457 2059 503 2097; x_wconf 87' lang='lat' dir='ltr'>velle</span> <span class='ocrx_word' id='word_1_325' title='bbox 517 2072 627 2109; x_wconf 88' lang='lat' dir='ltr'>permanere.</span> <span class='ocrx_word' id='word_1_326' title='bbox 641 2060 709 2096; x_wconf 92' lang='lat' dir='ltr'>Hostes</span> <span class='ocrx_word' id='word_1_327' title='bbox 722 2060 770 2096; x_wconf 92' lang='lat' dir='ltr'>enim</span> <span class='ocrx_word' id='word_1_328' title='bbox 784 2071 824 2096; x_wconf 86' lang='lat' dir='ltr'>sunt</span> <span class='ocrx_word' id='word_1_329' title='bbox 838 2070 908 2097; x_wconf 86' lang='lat' dir='ltr'>nostrae</span> 
     </span>
     <span class='ocr_line' id='line_1_34' title="bbox 172 2119 907 2168; baseline 0 -12"><span class='ocrx_word' id='word_1_330' title='bbox 172 2119 234 2156; x_wconf 85' lang='lat' dir='ltr'>salutis</span> <span class='ocrx_word' id='word_1_331' title='bbox 247 2120 296 2167; x_wconf 86' lang='lat' dir='ltr'>vitia,</span> <span class='ocrx_word' id='word_1_332' title='bbox 306 2132 351 2168; x_wconf 91' lang='lat' dir='ltr'>quae</span> <span class='ocrx_word' id='word_1_333' title='bbox 364 2132 397 2156; x_wconf 92' lang='lat' dir='ltr'>nos</span> <span class='ocrx_word' id='word_1_334' title='bbox 407 2120 517 2168; x_wconf 83' lang='lat' dir='ltr'>impugnant,</span> <span class='ocrx_word' id='word_1_335' title='bbox 527 2129 544 2156; x_wconf 89' lang='lat' dir='ltr'>et</span> <span class='ocrx_word' id='word_1_336' title='bbox 558 2119 615 2156; x_wconf 89' lang='lat' dir='ltr'>donec</span> <span class='ocrx_word' id='word_1_337' title='bbox 628 2129 658 2156; x_wconf 92' lang='lat' dir='ltr'>aut</span> <span class='ocrx_word' id='word_1_338' title='bbox 671 2119 751 2164; x_wconf 88' lang='lat' dir='ltr'>vincant,</span> <span class='ocrx_word' id='word_1_339' title='bbox 766 2129 795 2155; x_wconf 93' lang='lat' dir='ltr'>aut</span> <span class='ocrx_word' id='word_1_340' title='bbox 808 2119 907 2163; x_wconf 76' lang='lat' dir='ltr'>vincantur,</span> 
     </span>
     <span class='ocr_line' id='line_1_35' title="bbox 172 2178 906 2227; baseline 0 -12"><span class='ocrx_word' id='word_1_341' title='bbox 172 2191 205 2216; x_wconf 88' lang='lat' dir='ltr'>nos</span> <span class='ocrx_word' id='word_1_342' title='bbox 218 2179 301 2227; x_wconf 90' lang='lat' dir='ltr'>persequi</span> <span class='ocrx_word' id='word_1_343' title='bbox 314 2191 351 2216; x_wconf 91' lang='lat' dir='ltr'>non</span> <span class='ocrx_word' id='word_1_344' title='bbox 365 2183 438 2215; x_wconf 85' lang='lat' dir='ltr'>cessant.</span> <span class='ocrx_word' id='word_1_345' title='bbox 452 2178 545 2215; x_wconf 85' lang='lat' dir='ltr'>Imitemur</span> <span class='ocrx_word' id='word_1_346' title='bbox 561 2178 626 2215; x_wconf 89' lang='lat' dir='ltr'>veteris</span> <span class='ocrx_word' id='word_1_347' title='bbox 639 2190 710 2227; x_wconf 84' lang='lat' dir='ltr'>pugnae</span> <span class='ocrx_word' id='word_1_348' title='bbox 723 2178 823 2224; x_wconf 87' lang='lat' dir='ltr'>historiam,</span> <span class='ocrx_word' id='word_1_349' title='bbox 836 2178 906 2227; x_wconf 85' lang='lat' dir='ltr'>quando</span> 
     </span>
     <span class='ocr_line' id='line_1_36' title="bbox 171 2236 906 2286; baseline 0 -12"><span class='ocrx_word' id='word_1_350' title='bbox 171 2250 207 2274; x_wconf 91' lang='lat' dir='ltr'>non</span> <span class='ocrx_word' id='word_1_351' title='bbox 221 2251 257 2275; x_wconf 92' lang='lat' dir='ltr'>uno</span> <span class='ocrx_word' id='word_1_352' title='bbox 271 2238 306 2284; x_wconf 91' lang='lat' dir='ltr'>die,</span> <span class='ocrx_word' id='word_1_353' title='bbox 321 2237 351 2275; x_wconf 89' lang='lat' dir='ltr'>sed</span> <span class='ocrx_word' id='word_1_354' title='bbox 366 2238 466 2274; x_wconf 86' lang='lat' dir='ltr'>successive</span> <span class='ocrx_word' id='word_1_355' title='bbox 479 2239 539 2274; x_wconf 91' lang='lat' dir='ltr'>hostes</span> <span class='ocrx_word' id='word_1_356' title='bbox 555 2250 597 2274; x_wconf 90' lang='lat' dir='ltr'>snos</span> <span class='ocrx_word' id='word_1_357' title='bbox 613 2237 645 2274; x_wconf 85' lang='lat' dir='ltr'>lilii</span> <span class='ocrx_word' id='word_1_358' title='bbox 660 2237 784 2286; x_wconf 88' lang='lat' dir='ltr'>promissionis</span> <span class='ocrx_word' id='word_1_359' title='bbox 797 2236 906 2274; x_wconf 88' lang='lat' dir='ltr'>deleverunt.</span> 
     </span>
     <span class='ocr_line' id='line_1_37' title="bbox 171 2295 907 2346; baseline 0.001 -14"><span class='ocrx_word' id='word_1_360' title='bbox 171 2296 248 2334; x_wconf 88' lang='lat' dir='ltr'>Difficile</span> <span class='ocrx_word' id='word_1_361' title='bbox 261 2310 331 2346; x_wconf 90' lang='lat' dir='ltr'>nanque</span> <span class='ocrx_word' id='word_1_362' title='bbox 346 2306 372 2334; x_wconf 91' lang='lat' dir='ltr'>est</span> <span class='ocrx_word' id='word_1_363' title='bbox 382 2298 441 2334; x_wconf 88' lang='lat' dir='ltr'>onmia</span> <span class='ocrx_word' id='word_1_364' title='bbox 450 2297 520 2334; x_wconf 90' lang='lat' dir='ltr'>vincere</span> <span class='ocrx_word' id='word_1_365' title='bbox 529 2296 590 2342; x_wconf 90' lang='lat' dir='ltr'>simul,</span> <span class='ocrx_word' id='word_1_366' title='bbox 601 2297 636 2333; x_wconf 91' lang='lat' dir='ltr'>nisi</span> <span class='ocrx_word' id='word_1_367' title='bbox 646 2296 722 2333; x_wconf 89' lang='lat' dir='ltr'>charitas</span> <span class='ocrx_word' id='word_1_368' title='bbox 731 2296 765 2333; x_wconf 89' lang='lat' dir='ltr'>Dei</span> <span class='ocrx_word' id='word_1_369' title='bbox 775 2295 907 2334; x_wconf 88' lang='lat' dir='ltr'>obumbraverit</span> 
     </span>
     <span class='ocr_line' id='line_1_38' title="bbox 172 2355 905 2405; baseline 0 -13"><span class='ocrx_word' id='word_1_370' title='bbox 172 2355 230 2393; x_wconf 89' lang='lat' dir='ltr'>subito</span> <span class='ocrx_word' id='word_1_371' title='bbox 244 2365 329 2394; x_wconf 87' lang='lat' dir='ltr'>mentem.</span> <span class='ocrx_word' id='word_1_372' title='bbox 339 2355 439 2394; x_wconf 89' lang='lat' dir='ltr'>Adversum</span> <span class='ocrx_word' id='word_1_373' title='bbox 453 2366 515 2393; x_wconf 90' lang='lat' dir='ltr'>cuncta</span> <span class='ocrx_word' id='word_1_374' title='bbox 528 2369 561 2393; x_wconf 93' lang='lat' dir='ltr'>nos</span> <span class='ocrx_word' id='word_1_375' title='bbox 574 2356 698 2405; x_wconf 83' lang='lat' dir='ltr'>impugnantia</span> <span class='ocrx_word' id='word_1_376' title='bbox 712 2355 849 2405; x_wconf 87' lang='lat' dir='ltr'>quomodolibet</span> <span class='ocrx_word' id='word_1_377' title='bbox 862 2357 905 2393; x_wconf 94' lang='lat' dir='ltr'>vitia</span> 
     </span>
    </p>
   </div>
   <div class='ocr_carea' id='block_1_3' title="bbox 171 2414 905 2522">
    <p class='ocr_par' dir='ltr' id='par_1_4' title="bbox 171 2414 905 2522">
     <span class='ocr_line' id='line_1_39' title="bbox 171 2414 905 2464; baseline -0.001 -12"><span class='ocrx_word' id='word_1_378' title='bbox 171 2429 254 2464; x_wconf 85' lang='lat' dir='ltr'>geramus</span> <span class='ocrx_word' id='word_1_379' title='bbox 267 2414 341 2462; x_wconf 82' lang='lat' dir='ltr'>bellum,</span> <span class='ocrx_word' id='word_1_380' title='bbox 354 2416 446 2453; x_wconf 89' lang='lat' dir='ltr'>vincamus</span> <span class='ocrx_word' id='word_1_381' title='bbox 459 2415 512 2453; x_wconf 89' lang='lat' dir='ltr'>hodie</span> <span class='ocrx_word' id='word_1_382' title='bbox 525 2415 595 2464; x_wconf 86' lang='lat' dir='ltr'>gulam;</span> <span class='ocrx_word' id='word_1_383' title='bbox 605 2428 639 2464; x_wconf 90' lang='lat' dir='ltr'>qua</span> <span class='ocrx_word' id='word_1_384' title='bbox 652 2416 685 2451; x_wconf 89' lang='lat' dir='ltr'>rite</span> <span class='ocrx_word' id='word_1_385' title='bbox 699 2423 788 2463; x_wconf 87' lang='lat' dir='ltr'>prostrata</span> <span class='ocrx_word' id='word_1_386' title='bbox 801 2427 905 2463; x_wconf 89' lang='lat' dir='ltr'>superemus</span> 
     </span>
     <span class='ocr_line' id='line_1_40' title="bbox 171 2472 904 2522; baseline -0.001 -12"><span class='ocrx_word' id='word_1_387' title='bbox 171 2473 256 2510; x_wconf 87' lang='lat' dir='ltr'>accidiam</span> <span class='ocrx_word' id='word_1_388' title='bbox 261 2489 266 2520; x_wconf 79' lang='lat'>3</span> <span class='ocrx_word' id='word_1_389' title='bbox 279 2474 340 2522; x_wconf 88' lang='lat' dir='ltr'>sicque</span> <span class='ocrx_word' id='word_1_390' title='bbox 353 2486 425 2522; x_wconf 83' lang='lat' dir='ltr'>agamus</span> <span class='ocrx_word' id='word_1_391' title='bbox 442 2486 482 2510; x_wconf 93' lang='lat' dir='ltr'>cnm</span> <span class='ocrx_word' id='word_1_392' title='bbox 497 2473 580 2518; x_wconf 89' lang='lat' dir='ltr'>caeteris,</span> <span class='ocrx_word' id='word_1_393' title='bbox 595 2482 614 2509; x_wconf 90' lang='lat' dir='ltr'>ut</span> <span class='ocrx_word' id='word_1_394' title='bbox 627 2473 705 2510; x_wconf 90' lang='lat' dir='ltr'>victores</span> <span class='ocrx_word' id='word_1_395' title='bbox 720 2472 793 2509; x_wconf 88' lang='lat' dir='ltr'>tandem</span> <span class='ocrx_word' id='word_1_396' title='bbox 809 2472 904 2510; x_wconf 87' lang='lat' dir='ltr'>evadamus</span> 
     </span>
    </p>
   </div>
   <div class='ocr_carea' id='block_1_4' title="bbox 171 2531 904 2630">
    <p class='ocr_par' dir='ltr' id='par_1_5' title="bbox 171 2531 904 2630">
     <span class='ocr_line' id='line_1_41' title="bbox 171 2531 904 2582; baseline -0.001 -12"><span class='ocrx_word' id='word_1_397' title='bbox 171 2533 258 2570; x_wconf 92' lang='lat' dir='ltr'>omnium.</span> <span class='ocrx_word' id='word_1_398' title='bbox 273 2532 336 2570; x_wconf 88' lang='lat' dir='ltr'>Aderit</span> <span class='ocrx_word' id='word_1_399' title='bbox 349 2532 400 2569; x_wconf 89' lang='lat' dir='ltr'>nobis</span> <span class='ocrx_word' id='word_1_400' title='bbox 414 2532 533 2582; x_wconf 86' lang='lat' dir='ltr'>pugnantibus</span> <span class='ocrx_word' id='word_1_401' title='bbox 546 2532 643 2578; x_wconf 91' lang='lat' dir='ltr'>Dominus,</span> <span class='ocrx_word' id='word_1_402' title='bbox 657 2542 673 2569; x_wconf 88' lang='lat' dir='ltr'>et</span> <span class='ocrx_word' id='word_1_403' title='bbox 687 2531 735 2569; x_wconf 86' lang='lat' dir='ltr'>dabit</span> <span class='ocrx_word' id='word_1_404' title='bbox 748 2533 841 2569; x_wconf 88' lang='lat' dir='ltr'>victoriam</span> <span class='ocrx_word' id='word_1_405' title='bbox 855 2533 904 2569; x_wconf 89' lang='lat' dir='ltr'>Deus</span> 
     </span>
     <span class='ocr_line' id='line_1_42' title="bbox 171 2591 413 2630; baseline 0.004 -2"><span class='ocrx_word' id='word_1_406' title='bbox 171 2591 280 2630; x_wconf 89' lang='lat' dir='ltr'>amatoribus</span> <span class='ocrx_word' id='word_1_407' title='bbox 294 2593 336 2630; x_wconf 93' lang='lat' dir='ltr'>suis.</span> <span class='ocrx_word' id='word_1_408' title='bbox 350 2593 413 2629; x_wconf 88' lang='lat' dir='ltr'>Amen.</span> 
     </span>
    </p>
   </div>
   <div class='ocr_carea' id='block_1_5' title="bbox 504 2651 572 2689">
    <p class='ocr_par' dir='ltr' id='par_1_6' title="bbox 504 2651 572 2689">
     <span class='ocr_line' id='line_1_43' title="bbox 504 2651 572 2689; baseline 0.015 -2"><span class='ocrx_word' id='word_1_409' title='bbox 504 2651 572 2689; x_wconf 84' lang='lat' dir='ltr'>FINIS.</span> 
     </span>
    </p>
   </div>
   <div class='ocr_carea' id='block_1_6' title="bbox 0 0 988 3023">
    <p class='ocr_par' dir='ltr' id='par_1_7' title="bbox 0 0 988 3023">
     <span class='ocr_line' id='line_1_44' title="bbox 0 0 988 3023; baseline 0 3"><span class='ocrx_word' id='word_1_410' title='bbox 0 0 988 3023; x_wconf 95' lang='lat' dir='ltr'> </span> 
     </span>
    </p>
   </div>
  </div>
 </body>
</html>
