1968 3023
157 151 189 197 138
363 150 389 187 De
402 162 442 188 uera
455 150 546 187 hrtrttilitate
559 152 680 189 anonumum.

155 229 273 267 indubitanter
287 230 338 268 cadit.
352 231 448 269 Humilitas
466 233 514 269 enim
532 232 578 269 scala
596 243 621 270 est
640 232 684 269 coeli
702 232 796 269 duodecim
814 233 888 281 pulchre

154 289 236 326 distincta
250 289 356 337 climatibus,
371 290 392 328 de
406 291 455 327 cuius
469 304 542 328 ascensu
555 291 644 341 legislator
658 301 717 329 noster
731 291 837 329 Benedictus
846 291 888 328 dicit

155 351 172 386 in
186 349 253 398 regula:
272 351 289 387 Si
307 350 415 388 humilitatis
432 364 513 388 summae
530 352 613 389 volumus
631 351 701 388 culmen
719 352 812 401 attingere,
831 363 848 389 et
866 351 887 388 ad

154 409 279 446 exaltationem
294 409 342 446 illam
357 410 453 447 coelestem
462 409 547 447 velociter
561 411 659 460 pervenire,
669 410 697 447 illa
706 409 757 447 nobis
767 411 849 460 erigenda
861 421 887 447 est
903 439 904 442 ,

125 485 127 487 ’
154 470 206 515 scala,
219 482 263 517 quae
277 470 295 505 in
308 470 377 507 somnis
388 468 440 506 lacob
454 471 540 518 apparuit,
554 483 651 520 perquam
665 471 680 506 ei
693 470 813 514 ascendentes
827 480 844 508 et
858 470 887 507 de-

54 533 103 559 seius.
114 536 133 560 2s.
153 529 257 567 scendentes
271 529 336 578 Augeli
348 528 519 566 demonstrabantur.
528 530 569 567 Non
579 530 625 567 aliud
634 531 672 567 sine
683 529 736 567 dubio
745 529 839 567 descensus
849 529 885 575 ille,

153 600 170 626 et
183 602 265 626 ascensus
278 602 288 625 a
301 588 352 626 nobis
366 588 477 637 intelligitur,
491 590 524 626 nisi
538 589 644 627 exaltatione
658 589 801 633 descendere,'et
814 589 886 627 humili-

54 657 84 683 [ιιελ
94 658 114 684 18.
152 659 188 686 tate
201 648 300 692 ascendere,
311 648 356 685 sicut
369 648 459 697 Scriptura
472 647 523 685 nobis
538 648 602 686 indicat
616 648 682 687 divina:
693 649 764 692 Omnis,
773 650 803 699 qui
812 662 831 686 se
840 649 886 687 exal·

152 719 182 753 tut,
196 707 325 745 humiliabitur:
337 708 393 757 etqui
406 720 425 744 se
438 707 525 751 humiliat,
540 707 649 745 exaltabitun
659 708 708 745 Scala
721 721 763 745 vero
777 709 814 757 ipsa
827 718 885 745 erecta

152 779 211 806 nostra
225 777 251 804 est
264 768 300 804 vita
315 768 332 804 in
345 766 380 804 hoc
394 766 461 813 seculo,
476 781 521 816 qttae
534 766 628 805 humiliato
638 767 690 805 corde
701 768 798 819 aDomino
811 768 886 817 erigitur

151 827 168 864 in
182 826 258 864 coelum.
272 826 336 863 latera
349 827 397 863 enim
411 825 490 862 eiusdem
505 827 561 863 scalae
574 827 649 864 dicimus
667 837 747 864 nostrum
762 838 799 864 esse
813 840 884 876 eorpus,

151 897 168 923 et
182 886 267 923 animam:
282 887 300 922 in
314 899 358 934 quae
376 885 429 923 latera
447 884 527 923 diversos
544 886 608 935 gradus
625 886 735 933 humilitatis,
749 896 766 923 et
781 887 884 936 disciplinae

151 946 232 983 evocatio
247 945 306 983 divina
316 944 436 982 ascendendos
446 945 525 981 inseruit.
536 946 669 995 Consequenter
678 958 721 982 vero
731 947 779 994 ipsos
789 945 884 983 duodecim

150 1003 215 1054 gradus
228 1017 258 1053 per
269 1003 350 1041 ordinem
360 1003 433 1052 pulchra
446 1004 488 1040 satis
502 1004 628 1042 distributione
637 1015 735 1051 enumerat,
744 1005 773 1054 qui
784 1017 825 1042 cum
834 1003 883 1041 vobis

150 1065 185 1101 sint
198 1065 274 1101 omnino
287 1064 383 1110 notissimi,
397 1062 506 1111 superfluum
525 1063 578 1101 fuerit
595 1066 613 1101 in
631 1064 656 1100 eis
674 1063 785 1101 recensendis
799 1064 831 1101 hac
844 1064 883 1101 vice

150 1123 216 1160 diutius
230 1124 319 1172 occupari.
333 1122 401 1159 Sufficit
415 1123 463 1159 enim
476 1123 510 1160 hoc
524 1124 564 1161 loco
578 1120 688 1161 meminisse
700 1125 772 1161 canonis
789 1126 852 1171 sancti,
865 1125 883 1160 in

150 1184 199 1219 cuius
213 1181 265 1219 verba
277 1195 339 1220 omnes
353 1182 453 1220 voluntarie
467 1182 534 1220 dudum
548 1184 625 1229 iurastis,
640 1193 659 1219 ut
676 1184 734 1220 sciatis
748 1183 798 1221 vobis
811 1183 883 1231 humili-

149 1251 203 1278 tatem
218 1254 254 1278 non
267 1242 326 1277 minus
340 1241 360 1278 ad
375 1241 449 1278 salutem
463 1243 585 1286 necessariam,
600 1254 653 1292 quam
662 1242 695 1278 Dei
709 1242 767 1286 simul,
778 1252 794 1279 et
805 1243 882 1291 proximi

59 1305 128 1331 numitius
150 1302 259 1338 charitatem.
274 1301 359 1338 Monachi
373 1301 439 1337 etenim
451 1301 508 1337 virtus
527 1303 604 1338 maxima
622 1314 660 1339 esse
677 1301 768 1338 humilitas
781 1301 851 1348 dieitur,
864 1311 882 1338 et

42 1348 129 1409 iiiiiiiiss
149 1361 249 1412 intantum
263 1370 289 1397 est
302 1373 344 1397 suae
357 1360 464 1408 professioni
477 1361 583 1406 necessaria,
602 1371 621 1398 ut
634 1361 672 1397 sine
689 1374 708 1398 ea
722 1371 798 1410 nequeat
812 1361 881 1398 salvari.

41 1409 88 1470 ffss‘ssflff
101 1419 129 1436 ¹¹¹⁰'
149 1419 248 1457 Monachus
263 1420 318 1457 elatus
333 1421 399 1464 animo,
413 1428 465 1468 atque
478 1420 563 1469 superbus
577 1433 613 1458 non
627 1419 700 1466 Christi,
710 1419 740 1457 sed
754 1419 818 1458 diaboli
832 1434 881 1457 man-

149 1480 216 1529 cipium
230 1490 262 1525 est,
277 1490 294 1516 et
308 1489 376 1527 partem
391 1492 431 1516 cum
445 1480 478 1516 Dei
491 1479 528 1516 filio
542 1492 578 1516 non
595 1478 665 1516 habebit
682 1480 700 1516 in
714 1480 775 1526 coelis,
792 1480 823 1517 sed
840 1493 881 1516 cnm

148 1537 265 1576 daemonibus
279 1539 297 1575 iu
307 1538 380 1585 inferno
398 1538 435 1575 sine
452 1537 487 1575 fine
505 1539 618 1577 cruciabitur.
635 1539 681 1576 Nam
695 1538 879 1589 Christusmagister,

147 1608 252 1648 praeceptor
264 1598 372 1635 humilitatis
386 1610 448 1635 omnes
461 1597 558 1635 detestatur
567 1598 659 1647 superbos,
669 1607 686 1634 et
700 1599 717 1634 in
730 1599 757 1635 sui
771 1600 879 1636 consortium

146 1671 183 1696 nou
196 1657 274 1694 admittit
286 1658 320 1693 nisi
335 1657 418 1703 humiles,
432 1658 490 1703 mites,
504 1668 520 1694 et
534 1667 642 1695 mansuetos.
656 1656 742 1695 Diabolus
753 1668 812 1695 autem
822 1668 880 1708 caput,

146 1729 162 1754 et
176 1719 259 1754 inventor
272 1715 364 1765 superbiae
378 1727 411 1763 est7
429 1716 478 1753 cuius
496 1718 542 1753 servi
560 1726 612 1766 atque
625 1716 707 1765 discipuli
720 1727 838 1764 suntomnes‚
849 1718 879 1766 qui

146 1775 247 1826 superbiam
261 1776 306 1821 eius,
318 1785 335 1812 et
348 1776 444 1813 elationem
458 1786 561 1825 sequuntur.
575 1777 614 1825 lpse
627 1789 703 1825 namque
716 1789 747 1813 rex
760 1776 879 1829 superborum

146 1835 266 1873 humilitatem
280 1834 325 1873 ferre
335 1849 371 1873 non
381 1844 448 1885 potest,
459 1834 505 1885 fugit
514 1837 572 1880 mites,
583 1846 600 1872 et
609 1837 627 1873 in
637 1846 733 1884 conspectu
743 1848 878 1874 mansuetorum

146 1897 198 1933 corde
211 1904 257 1932 stare
271 1908 307 1932 non
322 1896 424 1944 praesumit.
438 1896 457 1931 ln
472 1905 561 1933 conventu
575 1897 622 1933 enim
636 1908 730 1932 servorum
739 1896 773 1932 Dei
783 1896 878 1933 humilium

145 1955 227 1992 Christus
239 1954 314 1991 habitat:
329 1956 346 1992 in
360 1956 421 1992 medio
435 1964 494 1991 autem
504 1954 626 2005 ‘superborum
642 1955 770 2001 contentiones
788 1964 805 1992 et
822 1955 878 2003 iurgia

145 2013 284 2051 discordantium
299 2013 378 2051 diabolus
393 2015 476 2052 concitat.
490 2013 524 2051 Ubi
537 2013 591 2051 fuerit
604 2014 702 2059 humilitas,
713 2012 736 2050 ibi
745 2026 778 2063 pax
791 2023 817 2051 est
830 2027 877 2056 vera,

144 2084 161 2110 et
174 2086 244 2110 summa
258 2072 383 2122 tranquillitas:
398 2072 428 2109 ubi
441 2082 502 2110 autem
516 2072 618 2110 dominatur
631 2072 718 2122 superbia,
728 2072 750 2109 ibi
765 2086 835 2119 rancor,
846 2075 876 2117 ira,
927 2089 928 2092 ¹

143 2132 225 2176 turbatio,
239 2143 256 2169 et
270 2132 358 2169 discordia
375 2133 413 2169 sine
430 2133 563 2169 intermissione
581 2131 692 2170 confundunt
708 2132 794 2169 universa.
811 2132 877 2169 Cavete

143 2193 196 2242 igitur
210 2192 272 2229 iratres
290 2193 325 2228 mei
343 2191 455 2240 superbiam,
474 2192 559 2241 quonium
577 2193 592 2228 si
607 2190 681 2239 angelos
699 2192 720 2227 de
736 2190 785 2228 coelo
802 2192 877 2239 proiecit

144 2251 206 2297 elatos,
221 2264 308 2301 pauperes
322 2250 393 2300 quando
406 2264 442 2288 non
456 2251 548 2287 damnaret
562 2250 672 2288 claustrales?
686 2250 787 2287 Daemones
800 2250 842 2287 fecit
856 2263 877 2287 ex

143 2310 217 2359 angelis:
232 2320 249 2347 et
262 2310 322 2347 socios
336 2310 444 2347 daemonum
457 2310 519 2358 procul
533 2309 588 2347 dubio
601 2310 641 2346 facit
655 2322 676 2345 ex
689 2309 786 2347 monachis.
798 2310 876 2346 Humili-

142 2379 196 2407 tatem
210 2370 309 2419 sequamini
323 2370 374 2407 omni
387 2379 468 2417 tempore
481 2370 524 2406 totis
537 2368 610 2415 viribus,
624 2378 640 2406 et
655 2378 740 2417 quantum
755 2370 835 2417 potestis,
850 2368 876 2405 f-

142 2430 177 2478 gite
192 2441 264 2466 omnem
278 2428 385 2477 superbiam,
399 2437 417 2465 et
430 2429 574 2472 ostentationem,
589 2427 673 2478 quoniam
688 2428 721 2464 nisi
739 2427 875 2466 humiliaveritis

142 2488 192 2526 valde
205 2490 272 2525 animas
285 2498 360 2534 vestras,
375 2502 411 2526 non
425 2488 512 2525 intrabitis
526 2489 543 2525 in
557 2501 632 2537 regnum
647 2487 743 2525 coelorum.
757 2489 777 2525 ln
790 2489 875 2538 simplici-

142 2557 177 2585 tate
195 2548 253 2585 cordis
271 2549 325 2585 vestri
343 2561 403 2585 coram
419 2548 499 2585 Domino
520 2549 559 2584 lesu
577 2560 647 2596 semper
665 2545 760 2592 ainbulate,
778 2561 839 2597 puram
857 2548 875 2584 in

142 2605 224 2644 omnihus
238 2609 365 2645 conscientiam
378 2608 470 2653 habentes,
486 2621 508 2645 ne
519 2607 610 2645 humilitas
624 2617 681 2644 vestra
694 2607 724 2644 fiat
737 2607 820 2653 bestialis,
834 2608 874 2657 quia

95 2678 97 2682 ·
141 2666 186 2704 nihil
201 2666 269 2703 confert
285 2667 306 2704 nd
324 2667 399 2704 salutem
417 2677 530 2715 peccatorem
548 2681 566 2704 se
584 2666 653 2716 publice
671 2679 804 2715 recognoscere,
823 2678 839 2705 et
856 2667 874 2704 in
