<?xml version="1.0" encoding="UTF-8"?>
<!DOCTYPE html PUBLIC "-//W3C//DTD XHTML 1.0 Transitional//EN"
    "http://www.w3.org/TR/xhtml1/DTD/xhtml1-transitional.dtd">
<html xmlns="http://www.w3.org/1999/xhtml" xml:lang="en" lang="en">
 <head>
  <title>
</title>
<meta http-equiv="Content-Type" content="text/html;charset=utf-8" />
  <meta name='ocr-system' content='tesseract 3.04.00' />
  <meta name='ocr-capabilities' content='ocr_page ocr_carea ocr_par ocr_line ocrx_word'/>
</head>
<body>
  <div class='ocr_page' id='page_1' title='image "MN5032ucmf_2_0081.png"; bbox 0 0 1968 3023; ppageno 0'>
   <div class='ocr_carea' id='block_1_1' title="bbox 401 183 823 233">
    <p class='ocr_par' dir='ltr' id='par_1_1' title="bbox 401 183 823 233">
     <span class='ocr_line' id='line_1_1' title="bbox 401 183 823 233; baseline 0 -10"><span class='ocrx_word' id='word_1_1' title='bbox 401 184 477 223; x_wconf 75' lang='lat' dir='ltr'><strong><em>Humilia</em></strong></span> <span class='ocrx_word' id='word_1_2' title='bbox 490 183 510 223; x_wconf 86' lang='lat' dir='ltr'>X.</span> <span class='ocrx_word' id='word_1_3' title='bbox 801 187 823 233; x_wconf 77' lang='lat'>69</span> 
     </span>
    </p>
   </div>
   <div class='ocr_carea' id='block_1_2' title="bbox 86 265 825 732">
    <p class='ocr_par' dir='ltr' id='par_1_2' title="bbox 86 265 825 732">
     <span class='ocr_line' id='line_1_2' title="bbox 86 265 825 315; baseline -0.003 -10"><span class='ocrx_word' id='word_1_4' title='bbox 86 277 155 305; x_wconf 88' lang='lat' dir='ltr'>amator</span> <span class='ocrx_word' id='word_1_5' title='bbox 168 267 233 305; x_wconf 87' lang='lat' dir='ltr'>Paulus</span> <span class='ocrx_word' id='word_1_6' title='bbox 247 267 265 304; x_wconf 91' lang='lat' dir='ltr'>in</span> <span class='ocrx_word' id='word_1_7' title='bbox 278 266 354 315; x_wconf 89' lang='lat' dir='ltr'>epistola</span> <span class='ocrx_word' id='word_1_8' title='bbox 367 266 420 304; x_wconf 87' lang='lat' dir='ltr'>dicit:</span> <span class='ocrx_word' id='word_1_9' title='bbox 434 265 516 304; x_wconf 85' lang='lat' dir='ltr'>Obsecro</span> <span class='ocrx_word' id='word_1_10' title='bbox 529 279 571 310; x_wconf 87' lang='lat' dir='ltr'>vos,</span> <span class='ocrx_word' id='word_1_11' title='bbox 586 266 697 314; x_wconf 69' lang='lat' dir='ltr'>charissimi,</span> <span class='ocrx_word' id='word_1_12' title='bbox 711 279 742 315; x_wconf 91' lang='lat' dir='ltr'>per</span> <span class='ocrx_word' id='word_1_13' title='bbox 755 266 825 303; x_wconf 90' lang='lat' dir='ltr'>miseri-</span> 
     </span>
     <span class='ocr_line' id='line_1_3' title="bbox 87 325 824 376; baseline -0.001 -12"><span class='ocrx_word' id='word_1_14' title='bbox 87 326 165 364; x_wconf 85' lang='lat' dir='ltr'>cordiam</span> <span class='ocrx_word' id='word_1_15' title='bbox 178 328 218 371; x_wconf 87' lang='lat' dir='ltr'>Dei,</span> <span class='ocrx_word' id='word_1_16' title='bbox 232 336 251 364; x_wconf 89' lang='lat' dir='ltr'>ut</span> <span class='ocrx_word' id='word_1_17' title='bbox 265 325 362 363; x_wconf 91' lang='lat' dir='ltr'>exhibeatis</span> <span class='ocrx_word' id='word_1_18' title='bbox 376 338 451 376; x_wconf 90' lang='lat' dir='ltr'>corpora</span> <span class='ocrx_word' id='word_1_19' title='bbox 463 337 522 363; x_wconf 87' lang='lat' dir='ltr'>vestra</span> <span class='ocrx_word' id='word_1_20' title='bbox 535 326 612 363; x_wconf 81' lang='lat' dir='ltr'>hostiam</span> <span class='ocrx_word' id='word_1_21' title='bbox 626 326 723 373; x_wconf 87' lang='lat' dir='ltr'>viventem,</span> <span class='ocrx_word' id='word_1_22' title='bbox 738 336 824 373; x_wconf 78' lang='lat' dir='ltr'>sanctam,</span> 
     </span>
     <span class='ocr_line' id='line_1_4' title="bbox 87 382 824 436; baseline -0.001 -12"><span class='ocrx_word' id='word_1_23' title='bbox 87 387 126 424; x_wconf 92' lang='lat' dir='ltr'>Deo</span> <span class='ocrx_word' id='word_1_24' title='bbox 140 386 245 436; x_wconf 72' lang='lat' dir='ltr'>placentem.</span> <span class='ocrx_word' id='word_1_25' title='bbox 259 386 295 430; x_wconf 88' lang='lat' dir='ltr'>Qui</span> <span class='ocrx_word' id='word_1_26' title='bbox 309 399 374 434; x_wconf 91' lang='lat' dir='ltr'>corpus</span> <span class='ocrx_word' id='word_1_27' title='bbox 388 399 440 423; x_wconf 89' lang='lat' dir='ltr'>suum</span> <span class='ocrx_word' id='word_1_28' title='bbox 458 399 490 435; x_wconf 92' lang='lat' dir='ltr'>per</span> <span class='ocrx_word' id='word_1_29' title='bbox 506 396 577 423; x_wconf 87' lang='lat' dir='ltr'>sanctae</span> <span class='ocrx_word' id='word_1_30' title='bbox 591 384 708 423; x_wconf 78' lang='lat' dir='ltr'>abstinentiae</span> <span class='ocrx_word' id='word_1_31' title='bbox 721 382 779 423; x_wconf 86' lang='lat' dir='ltr'>studia</span> <span class='ocrx_word' id='word_1_32' title='bbox 793 399 824 423; x_wconf 89' lang='lat' dir='ltr'>ca-</span> 
     </span>
     <span class='ocr_line' id='line_1_5' title="bbox 87 445 824 495; baseline 0 -13"><span class='ocrx_word' id='word_1_33' title='bbox 87 446 153 495; x_wconf 89' lang='lat' dir='ltr'>stigans</span> <span class='ocrx_word' id='word_1_34' title='bbox 166 446 184 483; x_wconf 93' lang='lat' dir='ltr'>in</span> <span class='ocrx_word' id='word_1_35' title='bbox 197 446 302 483; x_wconf 88' lang='lat' dir='ltr'>servitutem</span> <span class='ocrx_word' id='word_1_36' title='bbox 316 446 387 494; x_wconf 90' lang='lat' dir='ltr'>spiritui</span> <span class='ocrx_word' id='word_1_37' title='bbox 401 445 475 493; x_wconf 77' lang='lat' dir='ltr'>redigit,</span> <span class='ocrx_word' id='word_1_38' title='bbox 489 445 579 482; x_wconf 88' lang='lat' dir='ltr'>viventem</span> <span class='ocrx_word' id='word_1_39' title='bbox 592 445 673 483; x_wconf 90' lang='lat' dir='ltr'>Domino</span> <span class='ocrx_word' id='word_1_40' title='bbox 687 445 763 482; x_wconf 79' lang='lat' dir='ltr'>hostiam</span> <span class='ocrx_word' id='word_1_41' title='bbox 779 459 824 483; x_wconf 91' lang='lat' dir='ltr'>con-</span> 
     </span>
     <span class='ocr_line' id='line_1_6' title="bbox 87 503 824 555; baseline 0 -13"><span class='ocrx_word' id='word_1_42' title='bbox 87 507 167 543; x_wconf 88' lang='lat' dir='ltr'>secravit.</span> <span class='ocrx_word' id='word_1_43' title='bbox 181 506 268 555; x_wconf 82' lang='lat' dir='ltr'>Quisquis</span> <span class='ocrx_word' id='word_1_44' title='bbox 286 515 345 542; x_wconf 82' lang='lat' dir='ltr'>autent</span> <span class='ocrx_word' id='word_1_45' title='bbox 362 518 393 542; x_wconf 92' lang='lat' dir='ltr'>cor</span> <span class='ocrx_word' id='word_1_46' title='bbox 410 518 461 542; x_wconf 90' lang='lat' dir='ltr'>suum</span> <span class='ocrx_word' id='word_1_47' title='bbox 476 503 496 541; x_wconf 90' lang='lat' dir='ltr'>ab</span> <span class='ocrx_word' id='word_1_48' title='bbox 510 505 559 542; x_wconf 90' lang='lat' dir='ltr'>omni</span> <span class='ocrx_word' id='word_1_49' title='bbox 574 504 675 554; x_wconf 74' lang='lat' dir='ltr'>pollutione</span> <span class='ocrx_word' id='word_1_50' title='bbox 687 506 755 554; x_wconf 89' lang='lat' dir='ltr'>peccati</span> <span class='ocrx_word' id='word_1_51' title='bbox 769 518 824 542; x_wconf 91' lang='lat' dir='ltr'>mun-</span> 
     </span>
     <span class='ocr_line' id='line_1_7' title="bbox 87 563 824 614; baseline -0.001 -13"><span class='ocrx_word' id='word_1_52' title='bbox 87 565 140 611; x_wconf 88' lang='lat' dir='ltr'>dum,</span> <span class='ocrx_word' id='word_1_53' title='bbox 155 574 173 601; x_wconf 91' lang='lat' dir='ltr'>et</span> <span class='ocrx_word' id='word_1_54' title='bbox 186 577 250 613; x_wconf 88' lang='lat' dir='ltr'>purum</span> <span class='ocrx_word' id='word_1_55' title='bbox 265 577 370 602; x_wconf 84' lang='lat' dir='ltr'>conservare</span> <span class='ocrx_word' id='word_1_56' title='bbox 387 564 423 601; x_wconf 91' lang='lat' dir='ltr'>iam</span> <span class='ocrx_word' id='word_1_57' title='bbox 440 564 506 611; x_wconf 90' lang='lat' dir='ltr'>didicit,</span> <span class='ocrx_word' id='word_1_58' title='bbox 520 573 599 602; x_wconf 80' lang='lat' dir='ltr'>sanctam</span> <span class='ocrx_word' id='word_1_59' title='bbox 613 563 732 614; x_wconf 84' lang='lat' dir='ltr'>proculdubio</span> <span class='ocrx_word' id='word_1_60' title='bbox 746 565 824 602; x_wconf 87' lang='lat' dir='ltr'>hostiam</span> 
     </span>
     <span class='ocr_line' id='line_1_8' title="bbox 86 623 824 674; baseline 0 -13"><span class='ocrx_word' id='word_1_61' title='bbox 86 624 165 661; x_wconf 90' lang='lat' dir='ltr'>Domino</span> <span class='ocrx_word' id='word_1_62' title='bbox 178 623 285 661; x_wconf 86' lang='lat' dir='ltr'>immolavit.</span> <span class='ocrx_word' id='word_1_63' title='bbox 300 623 388 673; x_wconf 87' lang='lat' dir='ltr'>Quisquis</span> <span class='ocrx_word' id='word_1_64' title='bbox 402 636 445 661; x_wconf 89' lang='lat' dir='ltr'>vero</span> <span class='ocrx_word' id='word_1_65' title='bbox 463 624 480 660; x_wconf 95' lang='lat' dir='ltr'>in</span> <span class='ocrx_word' id='word_1_66' title='bbox 498 623 596 661; x_wconf 86' lang='lat' dir='ltr'>sanctitatis</span> <span class='ocrx_word' id='word_1_67' title='bbox 611 624 705 674; x_wconf 85' lang='lat' dir='ltr'>proposito</span> <span class='ocrx_word' id='word_1_68' title='bbox 719 636 824 673; x_wconf 88' lang='lat' dir='ltr'>persevera-</span> 
     </span>
     <span class='ocr_line' id='line_1_9' title="bbox 87 681 825 732; baseline 0 -13"><span class='ocrx_word' id='word_1_69' title='bbox 87 684 132 720; x_wconf 85' lang='lat' dir='ltr'>verit</span> <span class='ocrx_word' id='word_1_70' title='bbox 145 695 201 732; x_wconf 84' lang='lat' dir='ltr'>nsque</span> <span class='ocrx_word' id='word_1_71' title='bbox 215 682 236 720; x_wconf 92' lang='lat' dir='ltr'>ad</span> <span class='ocrx_word' id='word_1_72' title='bbox 249 682 311 726; x_wconf 88' lang='lat' dir='ltr'>finem,</span> <span class='ocrx_word' id='word_1_73' title='bbox 325 681 403 720; x_wconf 89' lang='lat' dir='ltr'>hostiam</span> <span class='ocrx_word' id='word_1_74' title='bbox 420 683 457 719; x_wconf 92' lang='lat' dir='ltr'>sine</span> <span class='ocrx_word' id='word_1_75' title='bbox 476 681 529 720; x_wconf 91' lang='lat' dir='ltr'>dubio</span> <span class='ocrx_word' id='word_1_76' title='bbox 546 681 611 721; x_wconf 85' lang='lat' dir='ltr'>obtulit</span> <span class='ocrx_word' id='word_1_77' title='bbox 625 683 731 731; x_wconf 81' lang='lat' dir='ltr'>placentem.</span> <span class='ocrx_word' id='word_1_78' title='bbox 745 682 825 720; x_wconf 81' lang='lat' dir='ltr'>Lembos</span> 
     </span>
    </p>
   </div>
   <div class='ocr_carea' id='block_1_3' title="bbox 40 801 830 2754">
    <p class='ocr_par' dir='ltr' id='par_1_3' title="bbox 40 801 830 2754">
     <span class='ocr_line' id='line_1_10' title="bbox 87 801 825 851; baseline 0 -13"><span class='ocrx_word' id='word_1_79' title='bbox 87 801 185 838; x_wconf 85' lang='lat' dir='ltr'>maculatos</span> <span class='ocrx_word' id='word_1_80' title='bbox 199 813 283 850; x_wconf 84' lang='lat' dir='ltr'>corpore,</span> <span class='ocrx_word' id='word_1_81' title='bbox 298 810 315 837; x_wconf 92' lang='lat' dir='ltr'>et</span> <span class='ocrx_word' id='word_1_82' title='bbox 333 811 392 838; x_wconf 87' lang='lat' dir='ltr'>rnente</span> <span class='ocrx_word' id='word_1_83' title='bbox 411 801 529 838; x_wconf 86' lang='lat' dir='ltr'>custodimus.</span> <span class='ocrx_word' id='word_1_84' title='bbox 543 801 604 851; x_wconf 80' lang='lat' dir='ltr'>Magni</span> <span class='ocrx_word' id='word_1_85' title='bbox 623 802 669 850; x_wconf 89' lang='lat' dir='ltr'>apud</span> <span class='ocrx_word' id='word_1_86' title='bbox 686 803 746 839; x_wconf 88' lang='lat' dir='ltr'>Deum</span> <span class='ocrx_word' id='word_1_87' title='bbox 765 803 825 838; x_wconf 90' lang='lat' dir='ltr'>meriti</span> 
     </span>
     <span class='ocr_line' id='line_1_11' title="bbox 87 860 825 910; baseline 0.001 -13"><span class='ocrx_word' id='word_1_88' title='bbox 87 861 144 898; x_wconf 92' lang='lat' dir='ltr'>virtus</span> <span class='ocrx_word' id='word_1_89' title='bbox 158 870 185 898; x_wconf 92' lang='lat' dir='ltr'>est</span> <span class='ocrx_word' id='word_1_90' title='bbox 197 869 268 897; x_wconf 86' lang='lat' dir='ltr'>sanctae</span> <span class='ocrx_word' id='word_1_91' title='bbox 286 860 381 906; x_wconf 88' lang='lat' dir='ltr'>castitatis,</span> <span class='ocrx_word' id='word_1_92' title='bbox 395 869 412 896; x_wconf 91' lang='lat' dir='ltr'>et</span> <span class='ocrx_word' id='word_1_93' title='bbox 429 872 462 908; x_wconf 93' lang='lat' dir='ltr'>pro</span> <span class='ocrx_word' id='word_1_94' title='bbox 480 860 602 909; x_wconf 82' lang='lat' dir='ltr'>magnitudine</span> <span class='ocrx_word' id='word_1_95' title='bbox 620 861 722 898; x_wconf 79' lang='lat' dir='ltr'>certaminis</span> <span class='ocrx_word' id='word_1_96' title='bbox 739 861 825 910; x_wconf 80' lang='lat' dir='ltr'>singulari</span> 
     </span>
     <span class='ocr_line' id='line_1_12' title="bbox 88 919 825 969; baseline 0 -13"><span class='ocrx_word' id='word_1_97' title='bbox 88 922 167 969; x_wconf 87' lang='lat' dir='ltr'>praemio</span> <span class='ocrx_word' id='word_1_98' title='bbox 180 920 198 956; x_wconf 94' lang='lat' dir='ltr'>in</span> <span class='ocrx_word' id='word_1_99' title='bbox 211 919 329 964; x_wconf 87' lang='lat' dir='ltr'>retributione</span> <span class='ocrx_word' id='word_1_100' title='bbox 343 920 432 956; x_wconf 89' lang='lat' dir='ltr'>iustorum</span> <span class='ocrx_word' id='word_1_101' title='bbox 446 919 531 963; x_wconf 88' lang='lat' dir='ltr'>donanda,</span> <span class='ocrx_word' id='word_1_102' title='bbox 540 919 608 956; x_wconf 86' lang='lat' dir='ltr'>dicente</span> <span class='ocrx_word' id='word_1_103' title='bbox 617 920 697 958; x_wconf 88' lang='lat' dir='ltr'>Domino</span> <span class='ocrx_word' id='word_1_104' title='bbox 710 933 742 968; x_wconf 90' lang='lat' dir='ltr'>per</span> <span class='ocrx_word' id='word_1_105' title='bbox 755 920 825 957; x_wconf 79' lang='lat' dir='ltr'>Esaiam</span> 
     </span>
     <span class='ocr_line' id='line_1_13' title="bbox 89 977 825 1029; baseline -0.001 -12"><span class='ocrx_word' id='word_1_106' title='bbox 89 979 204 1029; x_wconf 88' lang='lat' dir='ltr'>Prophetam.</span> <span class='ocrx_word' id='word_1_107' title='bbox 214 978 263 1015; x_wconf 88' lang='lat' dir='ltr'>Haec</span> <span class='ocrx_word' id='word_1_108' title='bbox 273 977 316 1014; x_wconf 87' lang='lat' dir='ltr'>dicit</span> <span class='ocrx_word' id='word_1_109' title='bbox 325 977 415 1014; x_wconf 85' lang='lat' dir='ltr'>Dominus</span> <span class='ocrx_word' id='word_1_110' title='bbox 425 977 516 1015; x_wconf 74' lang='lat' dir='ltr'>euritichis.</span> <span class='ocrx_word' id='word_1_111' title='bbox 525 978 562 1022; x_wconf 91' lang='lat' dir='ltr'>Qui</span> <span class='ocrx_word' id='word_1_112' title='bbox 572 978 689 1015; x_wconf 88' lang='lat' dir='ltr'>custodierint</span> <span class='ocrx_word' id='word_1_113' title='bbox 698 978 770 1016; x_wconf 82' lang='lat' dir='ltr'>sabbata</span> <span class='ocrx_word' id='word_1_114' title='bbox 779 992 825 1026; x_wconf 87' lang='lat' dir='ltr'>mea,</span> 
     </span>
     <span class='ocr_line' id='line_1_14' title="bbox 93 1035 826 1087; baseline -0.001 -11"><span class='ocrx_word' id='word_1_115' title='bbox 93 1049 110 1077; x_wconf 92' lang='lat' dir='ltr'>et</span> <span class='ocrx_word' id='word_1_116' title='bbox 123 1038 219 1087; x_wconf 89' lang='lat' dir='ltr'>elegerint,</span> <span class='ocrx_word' id='word_1_117' title='bbox 232 1050 277 1087; x_wconf 91' lang='lat' dir='ltr'>quae</span> <span class='ocrx_word' id='word_1_118' title='bbox 290 1049 324 1085; x_wconf 88' lang='lat' dir='ltr'>ego</span> <span class='ocrx_word' id='word_1_119' title='bbox 338 1036 396 1080; x_wconf 83' lang='lat' dir='ltr'>volui,</span> <span class='ocrx_word' id='word_1_120' title='bbox 411 1046 427 1073; x_wconf 89' lang='lat' dir='ltr'>et</span> <span class='ocrx_word' id='word_1_121' title='bbox 445 1037 535 1073; x_wconf 85' lang='lat' dir='ltr'>tenuerint</span> <span class='ocrx_word' id='word_1_122' title='bbox 549 1035 612 1074; x_wconf 83' lang='lat' dir='ltr'>foedus</span> <span class='ocrx_word' id='word_1_123' title='bbox 625 1050 696 1076; x_wconf 78' lang='lat' dir='ltr'>ineunt:</span> <span class='ocrx_word' id='word_1_124' title='bbox 711 1037 756 1076; x_wconf 89' lang='lat' dir='ltr'>dabo</span> <span class='ocrx_word' id='word_1_125' title='bbox 770 1040 794 1075; x_wconf 91' lang='lat' dir='ltr'>eis</span> <span class='ocrx_word' id='word_1_126' title='bbox 809 1041 826 1075; x_wconf 92' lang='lat' dir='ltr'>in</span> 
     </span>
     <span class='ocr_line' id='line_1_15' title="bbox 88 1093 826 1141; baseline -0.001 -6"><span class='ocrx_word' id='word_1_127' title='bbox 88 1093 205 1141; x_wconf 76' lang='lat' dir='ltr'>domoanea,</span> <span class='ocrx_word' id='word_1_128' title='bbox 219 1106 236 1133; x_wconf 92' lang='lat' dir='ltr'>et</span> <span class='ocrx_word' id='word_1_129' title='bbox 250 1096 268 1133; x_wconf 90' lang='lat' dir='ltr'>in</span> <span class='ocrx_word' id='word_1_130' title='bbox 281 1095 338 1132; x_wconf 84' lang='lat' dir='ltr'>muris</span> <span class='ocrx_word' id='word_1_131' title='bbox 352 1095 396 1132; x_wconf 86' lang='lat' dir='ltr'>meis</span> <span class='ocrx_word' id='word_1_132' title='bbox 410 1094 482 1140; x_wconf 89' lang='lat' dir='ltr'>locum,</span> <span class='ocrx_word' id='word_1_133' title='bbox 496 1104 514 1131; x_wconf 89' lang='lat' dir='ltr'>et</span> <span class='ocrx_word' id='word_1_134' title='bbox 527 1108 593 1132; x_wconf 90' lang='lat' dir='ltr'>nomen</span> <span class='ocrx_word' id='word_1_135' title='bbox 610 1095 674 1133; x_wconf 89' lang='lat' dir='ltr'>melius</span> <span class='ocrx_word' id='word_1_136' title='bbox 688 1110 698 1133; x_wconf 86' lang='lat' dir='ltr'>a</span> <span class='ocrx_word' id='word_1_137' title='bbox 710 1096 762 1141; x_wconf 84' lang='lat' dir='ltr'>filiis,</span> <span class='ocrx_word' id='word_1_138' title='bbox 776 1107 794 1134; x_wconf 91' lang='lat' dir='ltr'>et</span> <span class='ocrx_word' id='word_1_139' title='bbox 807 1097 826 1134; x_wconf 89' lang='lat' dir='ltr'>fi-</span> 
     </span>
     <span class='ocr_line' id='line_1_16' title="bbox 88 1153 827 1203; baseline -0.001 -8"><span class='ocrx_word' id='word_1_140' title='bbox 88 1156 150 1195; x_wconf 88' lang='lat' dir='ltr'>liabus.</span> <span class='ocrx_word' id='word_1_141' title='bbox 163 1157 235 1194; x_wconf 90' lang='lat' dir='ltr'>Nomen</span> <span class='ocrx_word' id='word_1_142' title='bbox 249 1155 379 1203; x_wconf 67' lang='lat' dir='ltr'>senpiternam</span> <span class='ocrx_word' id='word_1_143' title='bbox 393 1153 438 1191; x_wconf 87' lang='lat' dir='ltr'>dabo</span> <span class='ocrx_word' id='word_1_144' title='bbox 456 1154 492 1201; x_wconf 81' lang='lat' dir='ltr'>eis,</span> <span class='ocrx_word' id='word_1_145' title='bbox 505 1154 553 1203; x_wconf 90' lang='lat' dir='ltr'>quod</span> <span class='ocrx_word' id='word_1_146' title='bbox 565 1168 602 1192; x_wconf 89' lang='lat' dir='ltr'>non</span> <span class='ocrx_word' id='word_1_147' title='bbox 615 1154 684 1203; x_wconf 86' lang='lat' dir='ltr'>peribit.</span> <span class='ocrx_word' id='word_1_148' title='bbox 698 1155 720 1192; x_wconf 86' lang='lat' dir='ltr'>Et</span> <span class='ocrx_word' id='word_1_149' title='bbox 733 1156 755 1193; x_wconf 92' lang='lat' dir='ltr'>de</span> <span class='ocrx_word' id='word_1_150' title='bbox 767 1157 795 1194; x_wconf 91' lang='lat' dir='ltr'>his</span> <span class='ocrx_word' id='word_1_151' title='bbox 809 1159 827 1194; x_wconf 94' lang='lat' dir='ltr'>in</span> 
     </span>
     <span class='ocr_line' id='line_1_17' title="bbox 88 1213 827 1264; baseline -0.001 -10"><span class='ocrx_word' id='word_1_152' title='bbox 88 1217 153 1254; x_wconf 86' lang='lat' dir='ltr'>Sancto</span> <span class='ocrx_word' id='word_1_153' title='bbox 169 1213 266 1264; x_wconf 86' lang='lat' dir='ltr'>Evangelio</span> <span class='ocrx_word' id='word_1_154' title='bbox 281 1213 324 1250; x_wconf 91' lang='lat' dir='ltr'>dicit</span> <span class='ocrx_word' id='word_1_155' title='bbox 338 1213 433 1252; x_wconf 88' lang='lat' dir='ltr'>Dominus.</span> <span class='ocrx_word' id='word_1_156' title='bbox 447 1213 491 1250; x_wconf 90' lang='lat' dir='ltr'>Sunt</span> <span class='ocrx_word' id='word_1_157' title='bbox 510 1214 557 1251; x_wconf 90' lang='lat' dir='ltr'>enim</span> <span class='ocrx_word' id='word_1_158' title='bbox 575 1214 663 1260; x_wconf 89' lang='lat' dir='ltr'>eunuchi,</span> <span class='ocrx_word' id='word_1_159' title='bbox 677 1215 708 1264; x_wconf 89' lang='lat' dir='ltr'>qui</span> <span class='ocrx_word' id='word_1_160' title='bbox 726 1215 747 1252; x_wconf 93' lang='lat' dir='ltr'>de</span> <span class='ocrx_word' id='word_1_161' title='bbox 765 1217 827 1253; x_wconf 89' lang='lat' dir='ltr'>matris</span> 
     </span>
     <span class='ocr_line' id='line_1_18' title="bbox 90 1272 828 1319; baseline 0 -7"><span class='ocrx_word' id='word_1_162' title='bbox 90 1288 142 1313; x_wconf 84' lang='lat' dir='ltr'>utero</span> <span class='ocrx_word' id='word_1_163' title='bbox 155 1275 181 1311; x_wconf 89' lang='lat' dir='ltr'>sic</span> <span class='ocrx_word' id='word_1_164' title='bbox 193 1274 230 1311; x_wconf 87' lang='lat' dir='ltr'>nati</span> <span class='ocrx_word' id='word_1_165' title='bbox 243 1283 291 1319; x_wconf 86' lang='lat' dir='ltr'>suut,</span> <span class='ocrx_word' id='word_1_166' title='bbox 305 1284 323 1310; x_wconf 87' lang='lat' dir='ltr'>et</span> <span class='ocrx_word' id='word_1_167' title='bbox 337 1283 378 1309; x_wconf 91' lang='lat' dir='ltr'>sunt</span> <span class='ocrx_word' id='word_1_168' title='bbox 391 1272 468 1309; x_wconf 88' lang='lat' dir='ltr'>eunuchi</span> <span class='ocrx_word' id='word_1_169' title='bbox 481 1272 523 1309; x_wconf 85' lang='lat' dir='ltr'>facti</span> <span class='ocrx_word' id='word_1_170' title='bbox 537 1272 557 1310; x_wconf 90' lang='lat' dir='ltr'>ab</span> <span class='ocrx_word' id='word_1_171' title='bbox 570 1272 678 1318; x_wconf 87' lang='lat' dir='ltr'>hominibus,</span> <span class='ocrx_word' id='word_1_172' title='bbox 689 1284 706 1311; x_wconf 90' lang='lat' dir='ltr'>et</span> <span class='ocrx_word' id='word_1_173' title='bbox 719 1285 761 1312; x_wconf 90' lang='lat' dir='ltr'>sunt</span> <span class='ocrx_word' id='word_1_174' title='bbox 774 1289 828 1313; x_wconf 91' lang='lat' dir='ltr'>eunu-</span> 
     </span>
     <span class='ocr_line' id='line_1_19' title="bbox 90 1333 827 1384; baseline 0 -12"><span class='ocrx_word' id='word_1_175' title='bbox 90 1335 129 1382; x_wconf 83' lang='lat' dir='ltr'>chi,</span> <span class='ocrx_word' id='word_1_176' title='bbox 144 1335 174 1384; x_wconf 89' lang='lat' dir='ltr'>qui</span> <span class='ocrx_word' id='word_1_177' title='bbox 187 1347 206 1370; x_wconf 96' lang='lat' dir='ltr'>se</span> <span class='ocrx_word' id='word_1_178' title='bbox 219 1334 268 1382; x_wconf 92' lang='lat' dir='ltr'>ipsos</span> <span class='ocrx_word' id='word_1_179' title='bbox 286 1342 408 1368; x_wconf 86' lang='lat' dir='ltr'>castraverunt</span> <span class='ocrx_word' id='word_1_180' title='bbox 426 1341 498 1381; x_wconf 87' lang='lat' dir='ltr'>propter</span> <span class='ocrx_word' id='word_1_181' title='bbox 514 1345 588 1381; x_wconf 85' lang='lat' dir='ltr'>regnunt</span> <span class='ocrx_word' id='word_1_182' title='bbox 606 1333 703 1370; x_wconf 90' lang='lat' dir='ltr'>coelorum.</span> <span class='ocrx_word' id='word_1_183' title='bbox 718 1334 755 1378; x_wconf 87' lang='lat' dir='ltr'>Qui</span> <span class='ocrx_word' id='word_1_184' title='bbox 768 1345 827 1384; x_wconf 89' lang='lat' dir='ltr'>potest</span> 
     </span>
     <span class='ocr_line' id='line_1_20' title="bbox 89 1391 827 1444; baseline 0 -12"><span class='ocrx_word' id='word_1_185' title='bbox 89 1407 158 1444; x_wconf 81' lang='lat' dir='ltr'>capere,</span> <span class='ocrx_word' id='word_1_186' title='bbox 170 1394 234 1442; x_wconf 88' lang='lat' dir='ltr'>capiat.</span> <span class='ocrx_word' id='word_1_187' title='bbox 248 1392 308 1437; x_wconf 84' lang='lat' dir='ltr'>Quare</span> <span class='ocrx_word' id='word_1_188' title='bbox 318 1400 377 1429; x_wconf 87' lang='lat' dir='ltr'>autem</span> <span class='ocrx_word' id='word_1_189' title='bbox 388 1391 437 1438; x_wconf 81' lang='lat' dir='ltr'>dixit,</span> <span class='ocrx_word' id='word_1_190' title='bbox 447 1392 477 1441; x_wconf 90' lang='lat' dir='ltr'>qui</span> <span class='ocrx_word' id='word_1_191' title='bbox 486 1402 545 1440; x_wconf 88' lang='lat' dir='ltr'>potest</span> <span class='ocrx_word' id='word_1_192' title='bbox 555 1405 621 1441; x_wconf 86' lang='lat' dir='ltr'>capere,</span> <span class='ocrx_word' id='word_1_193' title='bbox 632 1394 700 1442; x_wconf 87' lang='lat' dir='ltr'>capiat?</span> <span class='ocrx_word' id='word_1_194' title='bbox 713 1395 765 1438; x_wconf 83' lang='lat' dir='ltr'>Puto,</span> <span class='ocrx_word' id='word_1_195' title='bbox 779 1394 827 1444; x_wconf 91' lang='lat' dir='ltr'>quod</span> 
     </span>
     <span class='ocr_line' id='line_1_21' title="bbox 90 1451 827 1501; baseline -0.003 -9"><span class='ocrx_word' id='word_1_196' title='bbox 90 1456 124 1492; x_wconf 89' lang='lat' dir='ltr'>isra</span> <span class='ocrx_word' id='word_1_197' title='bbox 138 1452 263 1491; x_wconf 88' lang='lat' dir='ltr'>eunuchorum</span> <span class='ocrx_word' id='word_1_198' title='bbox 276 1451 343 1494; x_wconf 85' lang='lat' dir='ltr'>illatio,</span> <span class='ocrx_word' id='word_1_199' title='bbox 358 1451 388 1500; x_wconf 91' lang='lat' dir='ltr'>qui</span> <span class='ocrx_word' id='word_1_200' title='bbox 406 1451 474 1499; x_wconf 86' lang='lat' dir='ltr'>seipsos</span> <span class='ocrx_word' id='word_1_201' title='bbox 492 1461 568 1488; x_wconf 87' lang='lat' dir='ltr'>castrant</span> <span class='ocrx_word' id='word_1_202' title='bbox 586 1464 647 1488; x_wconf 86' lang='lat' dir='ltr'>amore</span> <span class='ocrx_word' id='word_1_203' title='bbox 660 1453 710 1501; x_wconf 93' lang='lat' dir='ltr'>regni</span> <span class='ocrx_word' id='word_1_204' title='bbox 725 1452 827 1499; x_wconf 87' lang='lat' dir='ltr'>coelorum,</span> 
     </span>
     <span class='ocr_line' id='line_1_22' title="bbox 88 1509 828 1562; baseline -0.001 -11"><span class='ocrx_word' id='word_1_205' title='bbox 88 1526 124 1551; x_wconf 86' lang='lat' dir='ltr'>non</span> <span class='ocrx_word' id='word_1_206' title='bbox 138 1512 160 1550; x_wconf 85' lang='lat' dir='ltr'>ad</span> <span class='ocrx_word' id='word_1_207' title='bbox 174 1512 283 1550; x_wconf 82' lang='lat' dir='ltr'>excisionem</span> <span class='ocrx_word' id='word_1_208' title='bbox 296 1509 402 1559; x_wconf 84' lang='lat' dir='ltr'>genitalium</span> <span class='ocrx_word' id='word_1_209' title='bbox 411 1509 503 1546; x_wconf 83' lang='lat' dir='ltr'>referenda</span> <span class='ocrx_word' id='word_1_210' title='bbox 512 1511 535 1546; x_wconf 93' lang='lat' dir='ltr'>sit</span> <span class='ocrx_word' id='word_1_211' title='bbox 544 1509 675 1557; x_wconf 88' lang='lat' dir='ltr'>membrorum,</span> <span class='ocrx_word' id='word_1_212' title='bbox 686 1511 734 1561; x_wconf 94' lang='lat' dir='ltr'>quod</span> <span class='ocrx_word' id='word_1_213' title='bbox 747 1512 828 1562; x_wconf 84' lang='lat' dir='ltr'>plerique</span> 
     </span>
     <span class='ocr_line' id='line_1_23' title="bbox 89 1569 829 1619; baseline 0 -9"><span class='ocrx_word' id='word_1_214' title='bbox 89 1574 211 1611; x_wconf 80' lang='lat' dir='ltr'>existimantes</span> <span class='ocrx_word' id='word_1_215' title='bbox 225 1579 329 1608; x_wconf 87' lang='lat' dir='ltr'>erraverunt</span> <span class='ocrx_word' id='word_1_216' title='bbox 343 1583 352 1606; x_wconf 92' lang='lat' dir='ltr'>a</span> <span class='ocrx_word' id='word_1_217' title='bbox 366 1570 440 1606; x_wconf 85' lang='lat' dir='ltr'>veritate</span> <span class='ocrx_word' id='word_1_218' title='bbox 453 1569 550 1618; x_wconf 85' lang='lat' dir='ltr'>Evangelii,</span> <span class='ocrx_word' id='word_1_219' title='bbox 564 1570 595 1607; x_wconf 85' lang='lat' dir='ltr'>sed</span> <span class='ocrx_word' id='word_1_220' title='bbox 608 1572 668 1619; x_wconf 86' lang='lat' dir='ltr'>potius</span> <span class='ocrx_word' id='word_1_221' title='bbox 681 1572 703 1609; x_wconf 89' lang='lat' dir='ltr'>ad</span> <span class='ocrx_word' id='word_1_222' title='bbox 717 1574 782 1610; x_wconf 90' lang='lat' dir='ltr'>mentis</span> <span class='ocrx_word' id='word_1_223' title='bbox 796 1574 829 1610; x_wconf 90' lang='lat' dir='ltr'>im-</span> 
     </span>
     <span class='ocr_line' id='line_1_24' title="bbox 89 1629 827 1683; baseline -0.001 -13"><span class='ocrx_word' id='word_1_224' title='bbox 89 1634 164 1683; x_wconf 82' lang='lat' dir='ltr'>perium,</span> <span class='ocrx_word' id='word_1_225' title='bbox 178 1644 213 1680; x_wconf 92' lang='lat' dir='ltr'>quo</span> <span class='ocrx_word' id='word_1_226' title='bbox 227 1631 298 1667; x_wconf 83' lang='lat' dir='ltr'>castitas</span> <span class='ocrx_word' id='word_1_227' title='bbox 312 1638 392 1666; x_wconf 88' lang='lat' dir='ltr'>servatur</span> <span class='ocrx_word' id='word_1_228' title='bbox 405 1630 480 1677; x_wconf 85' lang='lat' dir='ltr'>integra,</span> <span class='ocrx_word' id='word_1_229' title='bbox 495 1629 562 1666; x_wconf 84' lang='lat' dir='ltr'>Christi</span> <span class='ocrx_word' id='word_1_230' title='bbox 575 1643 636 1667; x_wconf 89' lang='lat' dir='ltr'>amore</span> <span class='ocrx_word' id='word_1_231' title='bbox 650 1644 745 1680; x_wconf 53' lang='lat' dir='ltr'>concepta,</span> <span class='ocrx_word' id='word_1_232' title='bbox 756 1632 827 1681; x_wconf 87' lang='lat' dir='ltr'>Seipsos</span> 
     </span>
     <span class='ocr_line' id='line_1_25' title="bbox 90 1689 828 1741; baseline 0.001 -12"><span class='ocrx_word' id='word_1_233' title='bbox 90 1693 136 1730; x_wconf 89' lang='lat' dir='ltr'>enim</span> <span class='ocrx_word' id='word_1_234' title='bbox 150 1700 223 1740; x_wconf 91' lang='lat' dir='ltr'>propter</span> <span class='ocrx_word' id='word_1_235' title='bbox 236 1702 312 1738; x_wconf 88' lang='lat' dir='ltr'>regnum</span> <span class='ocrx_word' id='word_1_236' title='bbox 325 1689 360 1725; x_wconf 91' lang='lat' dir='ltr'>Dei</span> <span class='ocrx_word' id='word_1_237' title='bbox 374 1698 456 1735; x_wconf 85' lang='lat' dir='ltr'>castrant,</span> <span class='ocrx_word' id='word_1_238' title='bbox 470 1691 499 1738; x_wconf 92' lang='lat' dir='ltr'>qui</span> <span class='ocrx_word' id='word_1_239' title='bbox 513 1703 574 1727; x_wconf 89' lang='lat' dir='ltr'>veram</span> <span class='ocrx_word' id='word_1_240' title='bbox 587 1692 658 1735; x_wconf 82' lang='lat' dir='ltr'>mentis,</span> <span class='ocrx_word' id='word_1_241' title='bbox 673 1702 690 1729; x_wconf 86' lang='lat' dir='ltr'>et</span> <span class='ocrx_word' id='word_1_242' title='bbox 704 1695 785 1741; x_wconf 91' lang='lat' dir='ltr'>corporis</span> <span class='ocrx_word' id='word_1_243' title='bbox 801 1707 828 1730; x_wconf 87' lang='lat' dir='ltr'>ca-</span> 
     </span>
     <span class='ocr_line' id='line_1_26' title="bbox 91 1747 828 1801; baseline 0.003 -13"><span class='ocrx_word' id='word_1_244' title='bbox 91 1752 169 1789; x_wconf 87' lang='lat' dir='ltr'>stitatem</span> <span class='ocrx_word' id='word_1_245' title='bbox 183 1762 216 1797; x_wconf 92' lang='lat' dir='ltr'>pro</span> <span class='ocrx_word' id='word_1_246' title='bbox 233 1749 268 1785; x_wconf 92' lang='lat' dir='ltr'>Dei</span> <span class='ocrx_word' id='word_1_247' title='bbox 284 1760 346 1785; x_wconf 90' lang='lat' dir='ltr'>amore</span> <span class='ocrx_word' id='word_1_248' title='bbox 364 1747 486 1784; x_wconf 85' lang='lat' dir='ltr'>inviolabilem</span> <span class='ocrx_word' id='word_1_249' title='bbox 505 1748 604 1787; x_wconf 88' lang='lat' dir='ltr'>observant.</span> <span class='ocrx_word' id='word_1_250' title='bbox 618 1750 639 1786; x_wconf 89' lang='lat' dir='ltr'>Et</span> <span class='ocrx_word' id='word_1_251' title='bbox 653 1752 698 1788; x_wconf 88' lang='lat' dir='ltr'>sicut</span> <span class='ocrx_word' id='word_1_252' title='bbox 712 1752 828 1801; x_wconf 83' lang='lat' dir='ltr'>corporaliter</span> 
     </span>
     <span class='ocr_line' id='line_1_27' title="bbox 89 1809 828 1858; baseline 0.001 -9"><span class='ocrx_word' id='word_1_253' title='bbox 89 1824 143 1849; x_wconf 89' lang='lat' dir='ltr'>nemo</span> <span class='ocrx_word' id='word_1_254' title='bbox 156 1810 208 1847; x_wconf 84' lang='lat' dir='ltr'>facile</span> <span class='ocrx_word' id='word_1_255' title='bbox 222 1818 309 1846; x_wconf 89' lang='lat' dir='ltr'>castratur</span> <span class='ocrx_word' id='word_1_256' title='bbox 322 1809 361 1845; x_wconf 90' lang='lat' dir='ltr'>sine</span> <span class='ocrx_word' id='word_1_257' title='bbox 374 1809 435 1858; x_wconf 87' lang='lat' dir='ltr'>magni</span> <span class='ocrx_word' id='word_1_258' title='bbox 452 1810 530 1846; x_wconf 85' lang='lat' dir='ltr'>cruciatu</span> <span class='ocrx_word' id='word_1_259' title='bbox 544 1810 621 1854; x_wconf 88' lang='lat' dir='ltr'>doloris,</span> <span class='ocrx_word' id='word_1_260' title='bbox 635 1811 659 1848; x_wconf 88' lang='lat' dir='ltr'>ira</span> <span class='ocrx_word' id='word_1_261' title='bbox 673 1824 727 1849; x_wconf 83' lang='lat' dir='ltr'>tremo</span> <span class='ocrx_word' id='word_1_262' title='bbox 740 1814 779 1850; x_wconf 88' lang='lat' dir='ltr'>sine</span> <span class='ocrx_word' id='word_1_263' title='bbox 791 1826 828 1850; x_wconf 90' lang='lat' dir='ltr'>rna-</span> 
     </span>
     <span class='ocr_line' id='line_1_28' title="bbox 89 1866 828 1917; baseline 0.004 -10"><span class='ocrx_word' id='word_1_264' title='bbox 89 1872 138 1907; x_wconf 91' lang='lat' dir='ltr'>ximo</span> <span class='ocrx_word' id='word_1_265' title='bbox 147 1868 213 1907; x_wconf 89' lang='lat' dir='ltr'>laboris</span> <span class='ocrx_word' id='word_1_266' title='bbox 222 1867 282 1905; x_wconf 89' lang='lat' dir='ltr'>studio</span> <span class='ocrx_word' id='word_1_267' title='bbox 291 1868 385 1917; x_wconf 88' lang='lat' dir='ltr'>pervenire</span> <span class='ocrx_word' id='word_1_268' title='bbox 393 1866 458 1906; x_wconf 82' lang='lat' dir='ltr'>sufficit</span> <span class='ocrx_word' id='word_1_269' title='bbox 471 1868 492 1905; x_wconf 91' lang='lat' dir='ltr'>ad</span> <span class='ocrx_word' id='word_1_270' title='bbox 506 1867 635 1917; x_wconf 84' lang='lat' dir='ltr'>perfectionem</span> <span class='ocrx_word' id='word_1_271' title='bbox 646 1872 736 1908; x_wconf 83' lang='lat' dir='ltr'>castitatis.</span> <span class='ocrx_word' id='word_1_272' title='bbox 751 1872 772 1909; x_wconf 87' lang='lat' dir='ltr'>Et</span> <span class='ocrx_word' id='word_1_273' title='bbox 781 1884 828 1910; x_wconf 85' lang='lat' dir='ltr'>certe</span> 
     </span>
     <span class='ocr_line' id='line_1_29' title="bbox 89 1926 828 1981; baseline 0.003 -14"><span class='ocrx_word' id='word_1_274' title='bbox 89 1943 142 1967; x_wconf 90' lang='lat' dir='ltr'>nemo</span> <span class='ocrx_word' id='word_1_275' title='bbox 153 1937 210 1965; x_wconf 87' lang='lat' dir='ltr'>castus</span> <span class='ocrx_word' id='word_1_276' title='bbox 220 1926 286 1964; x_wconf 88' lang='lat' dir='ltr'>viribus</span> <span class='ocrx_word' id='word_1_277' title='bbox 299 1928 345 1973; x_wconf 78' lang='lat' dir='ltr'>suis3</span> <span class='ocrx_word' id='word_1_278' title='bbox 359 1939 412 1963; x_wconf 77' lang='lat' dir='ltr'>nenio</span> <span class='ocrx_word' id='word_1_279' title='bbox 426 1926 501 1974; x_wconf 89' lang='lat' dir='ltr'>pudicus</span> <span class='ocrx_word' id='word_1_280' title='bbox 515 1928 583 1965; x_wconf 88' lang='lat' dir='ltr'>meritis</span> <span class='ocrx_word' id='word_1_281' title='bbox 596 1930 682 1977; x_wconf 89' lang='lat' dir='ltr'>propriis.</span> <span class='ocrx_word' id='word_1_282' title='bbox 697 1930 747 1967; x_wconf 90' lang='lat' dir='ltr'>Deus</span> <span class='ocrx_word' id='word_1_283' title='bbox 757 1942 788 1975; x_wconf 89' lang='lat' dir='ltr'>est,</span> <span class='ocrx_word' id='word_1_284' title='bbox 798 1933 828 1981; x_wconf 92' lang='lat' dir='ltr'>qui</span> 
     </span>
     <span class='ocr_line' id='line_1_30' title="bbox 90 1986 828 2037; baseline 0 -11"><span class='ocrx_word' id='word_1_285' title='bbox 90 1990 119 2027; x_wconf 85' lang='lat' dir='ltr'>dar</span> <span class='ocrx_word' id='word_1_286' title='bbox 132 1988 198 2026; x_wconf 90' lang='lat' dir='ltr'>bonam</span> <span class='ocrx_word' id='word_1_287' title='bbox 210 1987 331 2029; x_wconf 86' lang='lat' dir='ltr'>voluntatem,</span> <span class='ocrx_word' id='word_1_288' title='bbox 345 1987 383 2034; x_wconf 91' lang='lat' dir='ltr'>ipse</span> <span class='ocrx_word' id='word_1_289' title='bbox 397 1996 423 2022; x_wconf 87' lang='lat' dir='ltr'>est</span> <span class='ocrx_word' id='word_1_290' title='bbox 437 1986 499 2030; x_wconf 86' lang='lat' dir='ltr'>etiam,</span> <span class='ocrx_word' id='word_1_291' title='bbox 513 1988 543 2035; x_wconf 90' lang='lat' dir='ltr'>qui</span> <span class='ocrx_word' id='word_1_292' title='bbox 557 1986 655 2034; x_wconf 87' lang='lat' dir='ltr'>voluntati,</span> <span class='ocrx_word' id='word_1_293' title='bbox 670 1998 689 2025; x_wconf 91' lang='lat' dir='ltr'>ut</span> <span class='ocrx_word' id='word_1_294' title='bbox 703 1991 770 2037; x_wconf 84' lang='lat' dir='ltr'>possit,</span> <span class='ocrx_word' id='word_1_295' title='bbox 786 2004 828 2028; x_wconf 89' lang='lat' dir='ltr'>con-</span> 
     </span>
     <span class='ocr_line' id='line_1_31' title="bbox 90 2046 828 2094; baseline 0 -7"><span class='ocrx_word' id='word_1_296' title='bbox 90 2049 144 2088; x_wconf 90' lang='lat' dir='ltr'>nectit</span> <span class='ocrx_word' id='word_1_297' title='bbox 157 2049 248 2085; x_wconf 84' lang='lat' dir='ltr'>virtutem.</span> <span class='ocrx_word' id='word_1_298' title='bbox 263 2046 354 2090; x_wconf 84' lang='lat' dir='ltr'>Quoniam</span> <span class='ocrx_word' id='word_1_299' title='bbox 369 2057 461 2082; x_wconf 86' lang='lat' dir='ltr'>veronen</span> <span class='ocrx_word' id='word_1_300' title='bbox 475 2056 501 2081; x_wconf 86' lang='lat' dir='ltr'>est</span> <span class='ocrx_word' id='word_1_301' title='bbox 515 2046 613 2083; x_wconf 86' lang='lat' dir='ltr'>multorum</span> <span class='ocrx_word' id='word_1_302' title='bbox 627 2046 702 2085; x_wconf 86' lang='lat' dir='ltr'>caelibes</span> <span class='ocrx_word' id='word_1_303' title='bbox 715 2050 781 2094; x_wconf 87' lang='lat' dir='ltr'>vivere,</span> <span class='ocrx_word' id='word_1_304' title='bbox 795 2064 828 2088; x_wconf 90' lang='lat' dir='ltr'>suo</span> 
     </span>
     <span class='ocr_line' id='line_1_32' title="bbox 89 2098 829 2157; baseline 0.001 -11"><span class='ocrx_word' id='word_1_305' title='bbox 89 2108 173 2157; x_wconf 88' lang='lat' dir='ltr'>relinquit</span> <span class='ocrx_word' id='word_1_306' title='bbox 186 2118 326 2155; x_wconf 88' lang='lat' dir='ltr'>unumquenque</span> <span class='ocrx_word' id='word_1_307' title='bbox 338 2103 418 2149; x_wconf 84' lang='lat' dir='ltr'>arbitrio,</span> <span class='ocrx_word' id='word_1_308' title='bbox 432 2098 499 2141; x_wconf 83' lang='lat' dir='ltr'>dicens:</span> <span class='ocrx_word' id='word_1_309' title='bbox 513 2105 550 2148; x_wconf 94' lang='lat' dir='ltr'>Qui</span> <span class='ocrx_word' id='word_1_310' title='bbox 564 2116 623 2154; x_wconf 84' lang='lat' dir='ltr'>potest</span> <span class='ocrx_word' id='word_1_311' title='bbox 637 2120 699 2155; x_wconf 87' lang='lat' dir='ltr'>capere</span> <span class='ocrx_word' id='word_1_312' title='bbox 713 2110 776 2157; x_wconf 87' lang='lat' dir='ltr'>capiat.</span> <span class='ocrx_word' id='word_1_313' title='bbox 794 2109 829 2147; x_wconf 83' lang='lat' dir='ltr'>Ab·</span> 
     </span>
     <span class='ocr_line' id='line_1_33' title="bbox 90 2162 829 2213; baseline 0 -8"><span class='ocrx_word' id='word_1_314' title='bbox 90 2168 152 2205; x_wconf 89' lang='lat' dir='ltr'>scissio</span> <span class='ocrx_word' id='word_1_315' title='bbox 163 2164 287 2204; x_wconf 87' lang='lat' dir='ltr'>membrorum</span> <span class='ocrx_word' id='word_1_316' title='bbox 301 2174 367 2201; x_wconf 87' lang='lat' dir='ltr'>castam</span> <span class='ocrx_word' id='word_1_317' title='bbox 380 2177 417 2200; x_wconf 89' lang='lat' dir='ltr'>non</span> <span class='ocrx_word' id='word_1_318' title='bbox 431 2162 485 2200; x_wconf 84' lang='lat' dir='ltr'>efficit</span> <span class='ocrx_word' id='word_1_319' title='bbox 497 2173 582 2210; x_wconf 86' lang='lat' dir='ltr'>mentem,</span> <span class='ocrx_word' id='word_1_320' title='bbox 591 2166 677 2213; x_wconf 89' lang='lat' dir='ltr'>quoniam</span> <span class='ocrx_word' id='word_1_321' title='bbox 690 2167 740 2204; x_wconf 85' lang='lat' dir='ltr'>radix</span> <span class='ocrx_word' id='word_1_322' title='bbox 749 2167 829 2205; x_wconf 87' lang='lat' dir='ltr'>luxuriae</span> 
     </span>
     <span class='ocr_line' id='line_1_34' title="bbox 90 2222 829 2275; baseline 0 -11"><span class='ocrx_word' id='word_1_323' title='bbox 90 2227 164 2267; x_wconf 89' lang='lat' dir='ltr'>interior</span> <span class='ocrx_word' id='word_1_324' title='bbox 182 2235 218 2269; x_wconf 86' lang='lat' dir='ltr'>est,</span> <span class='ocrx_word' id='word_1_325' title='bbox 232 2237 286 2275; x_wconf 90' lang='lat' dir='ltr'>quarn</span> <span class='ocrx_word' id='word_1_326' title='bbox 303 2233 322 2260; x_wconf 94' lang='lat' dir='ltr'>ut</span> <span class='ocrx_word' id='word_1_327' title='bbox 339 2222 462 2272; x_wconf 90' lang='lat' dir='ltr'>pudendorum</span> <span class='ocrx_word' id='word_1_328' title='bbox 478 2223 600 2271; x_wconf 88' lang='lat' dir='ltr'>amputatione</span> <span class='ocrx_word' id='word_1_329' title='bbox 618 2226 674 2272; x_wconf 90' lang='lat' dir='ltr'>possit</span> <span class='ocrx_word' id='word_1_330' title='bbox 690 2226 762 2263; x_wconf 86' lang='lat' dir='ltr'>auferri.</span> <span class='ocrx_word' id='word_1_331' title='bbox 776 2227 829 2265; x_wconf 86' lang='lat' dir='ltr'>Mens</span> 
     </span>
     <span class='ocr_line' id='line_1_35' title="bbox 90 2282 829 2334; baseline -0.001 -9"><span class='ocrx_word' id='word_1_332' title='bbox 90 2301 133 2325; x_wconf 90' lang='lat' dir='ltr'>vero</span> <span class='ocrx_word' id='word_1_333' title='bbox 147 2287 161 2324; x_wconf 94' lang='lat' dir='ltr'>si</span> <span class='ocrx_word' id='word_1_334' title='bbox 175 2295 232 2332; x_wconf 90' lang='lat' dir='ltr'>casta,</span> <span class='ocrx_word' id='word_1_335' title='bbox 247 2294 264 2321; x_wconf 95' lang='lat' dir='ltr'>et</span> <span class='ocrx_word' id='word_1_336' title='bbox 280 2286 350 2334; x_wconf 85' lang='lat' dir='ltr'>integra</span> <span class='ocrx_word' id='word_1_337' title='bbox 363 2283 427 2329; x_wconf 83' lang='lat' dir='ltr'>fuerit,</span> <span class='ocrx_word' id='word_1_338' title='bbox 441 2282 493 2320; x_wconf 84' lang='lat' dir='ltr'>facile</span> <span class='ocrx_word' id='word_1_339' title='bbox 511 2283 633 2322; x_wconf 88' lang='lat' dir='ltr'>membrorum</span> <span class='ocrx_word' id='word_1_340' title='bbox 647 2286 761 2323; x_wconf 83' lang='lat' dir='ltr'>insolentiam</span> <span class='ocrx_word' id='word_1_341' title='bbox 774 2286 829 2324; x_wconf 86' lang='lat' dir='ltr'>refre-</span> 
     </span>
     <span class='ocr_line' id='line_1_36' title="bbox 89 2344 829 2397; baseline 0 -12"><span class='ocrx_word' id='word_1_342' title='bbox 89 2347 142 2385; x_wconf 87' lang='lat' dir='ltr'>nabit.</span> <span class='ocrx_word' id='word_1_343' title='bbox 157 2346 206 2385; x_wconf 85' lang='lat' dir='ltr'>Nihil</span> <span class='ocrx_word' id='word_1_344' title='bbox 220 2345 267 2382; x_wconf 90' lang='lat' dir='ltr'>enim</span> <span class='ocrx_word' id='word_1_345' title='bbox 281 2345 345 2382; x_wconf 85' lang='lat' dir='ltr'>fortius</span> <span class='ocrx_word' id='word_1_346' title='bbox 355 2355 414 2381; x_wconf 91' lang='lat' dir='ltr'>mente</span> <span class='ocrx_word' id='word_1_347' title='bbox 423 2344 502 2381; x_wconf 85' lang='lat' dir='ltr'>hominis</span> <span class='ocrx_word' id='word_1_348' title='bbox 511 2346 569 2382; x_wconf 89' lang='lat' dir='ltr'>Deum</span> <span class='ocrx_word' id='word_1_349' title='bbox 580 2359 624 2394; x_wconf 86' lang='lat' dir='ltr'>puro</span> <span class='ocrx_word' id='word_1_350' title='bbox 634 2346 687 2383; x_wconf 88' lang='lat' dir='ltr'>corde</span> <span class='ocrx_word' id='word_1_351' title='bbox 701 2361 754 2397; x_wconf 90' lang='lat' dir='ltr'>super</span> <span class='ocrx_word' id='word_1_352' title='bbox 768 2349 829 2386; x_wconf 88' lang='lat' dir='ltr'>onmia</span> 
     </span>
     <span class='ocr_line' id='line_1_37' title="bbox 91 2403 829 2456; baseline -0.001 -11"><span class='ocrx_word' id='word_1_353' title='bbox 91 2407 166 2445; x_wconf 87' lang='lat' dir='ltr'>dulciter</span> <span class='ocrx_word' id='word_1_354' title='bbox 178 2405 261 2443; x_wconf 81' lang='lat' dir='ltr'>amantis</span> <span class='ocrx_word' id='word_1_355' title='bbox 276 2405 358 2453; x_wconf 88' lang='lat' dir='ltr'>Cogitate</span> <span class='ocrx_word' id='word_1_356' title='bbox 372 2403 421 2441; x_wconf 89' lang='lat' dir='ltr'>nunc</span> <span class='ocrx_word' id='word_1_357' title='bbox 434 2403 496 2440; x_wconf 87' lang='lat' dir='ltr'>fratres</span> <span class='ocrx_word' id='word_1_358' title='bbox 511 2405 609 2442; x_wconf 86' lang='lat' dir='ltr'>charissimi</span> <span class='ocrx_word' id='word_1_359' title='bbox 627 2406 685 2443; x_wconf 84' lang='lat' dir='ltr'>sutura</span> <span class='ocrx_word' id='word_1_360' title='bbox 699 2407 777 2455; x_wconf 87' lang='lat' dir='ltr'>praemia</span> <span class='ocrx_word' id='word_1_361' title='bbox 790 2408 829 2456; x_wconf 88' lang='lat' dir='ltr'>pul-</span> 
     </span>
     <span class='ocr_line' id='line_1_38' title="bbox 91 2462 829 2518; baseline 0 -15"><span class='ocrx_word' id='word_1_362' title='bbox 91 2463 201 2510; x_wconf 87' lang='lat' dir='ltr'>chritudinis,</span> <span class='ocrx_word' id='word_1_363' title='bbox 216 2474 233 2501; x_wconf 93' lang='lat' dir='ltr'>et</span> <span class='ocrx_word' id='word_1_364' title='bbox 246 2477 283 2502; x_wconf 87' lang='lat' dir='ltr'>non</span> <span class='ocrx_word' id='word_1_365' title='bbox 296 2463 375 2512; x_wconf 85' lang='lat' dir='ltr'>gravabit</span> <span class='ocrx_word' id='word_1_366' title='bbox 388 2476 419 2500; x_wconf 91' lang='lat' dir='ltr'>vos</span> <span class='ocrx_word' id='word_1_367' title='bbox 431 2462 480 2500; x_wconf 86' lang='lat' dir='ltr'>labor</span> <span class='ocrx_word' id='word_1_368' title='bbox 494 2464 584 2501; x_wconf 88' lang='lat' dir='ltr'>castitatis.</span> <span class='ocrx_word' id='word_1_369' title='bbox 598 2464 626 2501; x_wconf 85' lang='lat' dir='ltr'>Ad</span> <span class='ocrx_word' id='word_1_370' title='bbox 640 2478 704 2518; x_wconf 88' lang='lat' dir='ltr'>magna</span> <span class='ocrx_word' id='word_1_371' title='bbox 717 2467 765 2503; x_wconf 88' lang='lat' dir='ltr'>enim</span> <span class='ocrx_word' id='word_1_372' title='bbox 779 2479 829 2515; x_wconf 87' lang='lat' dir='ltr'>prae-</span> 
     </span>
     <span class='ocr_line' id='line_1_39' title="bbox 90 2523 830 2574; baseline 0 -11"><span class='ocrx_word' id='word_1_373' title='bbox 90 2526 126 2563; x_wconf 88' lang='lat' dir='ltr'>mia</span> <span class='ocrx_word' id='word_1_374' title='bbox 139 2523 250 2562; x_wconf 89' lang='lat' dir='ltr'>celsitudinis</span> <span class='ocrx_word' id='word_1_375' title='bbox 264 2524 315 2561; x_wconf 90' lang='lat' dir='ltr'>ardui</span> <span class='ocrx_word' id='word_1_376' title='bbox 328 2524 430 2573; x_wconf 88' lang='lat' dir='ltr'>pervenitur</span> <span class='ocrx_word' id='word_1_377' title='bbox 440 2524 522 2560; x_wconf 88' lang='lat' dir='ltr'>instantia</span> <span class='ocrx_word' id='word_1_378' title='bbox 531 2523 601 2561; x_wconf 84' lang='lat' dir='ltr'>laboris.</span> <span class='ocrx_word' id='word_1_379' title='bbox 615 2524 723 2574; x_wconf 88' lang='lat' dir='ltr'>Quicunque</span> <span class='ocrx_word' id='word_1_380' title='bbox 737 2526 792 2574; x_wconf 89' lang='lat' dir='ltr'>igitur</span> <span class='ocrx_word' id='word_1_381' title='bbox 805 2526 830 2563; x_wconf 91' lang='lat' dir='ltr'>la-</span> 
     </span>
     <span class='ocr_line' id='line_1_40' title="bbox 91 2582 830 2633; baseline 0 -10"><span class='ocrx_word' id='word_1_382' title='bbox 91 2585 153 2623; x_wconf 91' lang='lat' dir='ltr'>borem</span> <span class='ocrx_word' id='word_1_383' title='bbox 167 2582 274 2633; x_wconf 80' lang='lat' dir='ltr'>subterfugit</span> <span class='ocrx_word' id='word_1_384' title='bbox 287 2584 400 2629; x_wconf 85' lang='lat' dir='ltr'>certaminis,</span> <span class='ocrx_word' id='word_1_385' title='bbox 414 2596 504 2632; x_wconf 87' lang='lat' dir='ltr'>nunquam</span> <span class='ocrx_word' id='word_1_386' title='bbox 519 2584 610 2632; x_wconf 85' lang='lat' dir='ltr'>perveniet</span> <span class='ocrx_word' id='word_1_387' title='bbox 623 2585 644 2620; x_wconf 91' lang='lat' dir='ltr'>ad</span> <span class='ocrx_word' id='word_1_388' title='bbox 658 2584 782 2623; x_wconf 86' lang='lat' dir='ltr'>celsitudinem</span> <span class='ocrx_word' id='word_1_389' title='bbox 796 2585 830 2623; x_wconf 93' lang='lat' dir='ltr'>ho-</span> 
     </span>
     <span class='ocr_line' id='line_1_41' title="bbox 91 2641 830 2692; baseline 0 -10"><span class='ocrx_word' id='word_1_390' title='bbox 91 2644 146 2682; x_wconf 81' lang='lat' dir='ltr'>noris.</span> <span class='ocrx_word' id='word_1_391' title='bbox 159 2643 216 2680; x_wconf 89' lang='lat' dir='ltr'>Breve</span> <span class='ocrx_word' id='word_1_392' title='bbox 230 2656 278 2680; x_wconf 89' lang='lat' dir='ltr'>nunc</span> <span class='ocrx_word' id='word_1_393' title='bbox 291 2652 362 2690; x_wconf 89' lang='lat' dir='ltr'>ternpus</span> <span class='ocrx_word' id='word_1_394' title='bbox 376 2651 411 2687; x_wconf 85' lang='lat' dir='ltr'>est,</span> <span class='ocrx_word' id='word_1_395' title='bbox 425 2643 492 2692; x_wconf 88' lang='lat' dir='ltr'>inquo</span> <span class='ocrx_word' id='word_1_396' title='bbox 509 2641 610 2680; x_wconf 88' lang='lat' dir='ltr'>laboramus</span> <span class='ocrx_word' id='word_1_397' title='bbox 627 2644 731 2682; x_wconf 87' lang='lat' dir='ltr'>resistentes</span> <span class='ocrx_word' id='word_1_398' title='bbox 748 2645 830 2692; x_wconf 83' lang='lat' dir='ltr'>diabolo,</span> 
     </span>
     <span class='ocr_line' id='line_1_42' title="bbox 40 2703 829 2754; baseline 0.001 -13"><span class='ocrx_word' id='word_1_399' title='bbox 40 2709 43 2717; x_wconf 97' lang='grc'><strong><em>’</em></strong></span> <span class='ocrx_word' id='word_1_400' title='bbox 92 2703 123 2742; x_wconf 85' lang='lat' dir='ltr'>sed</span> <span class='ocrx_word' id='word_1_401' title='bbox 136 2704 195 2742; x_wconf 87' lang='lat' dir='ltr'>veniet</span> <span class='ocrx_word' id='word_1_402' title='bbox 210 2713 323 2754; x_wconf 87' lang='lat' dir='ltr'>quantocyus</span> <span class='ocrx_word' id='word_1_403' title='bbox 341 2712 443 2751; x_wconf 85' lang='lat' dir='ltr'>aeternnm,</span> <span class='ocrx_word' id='word_1_404' title='bbox 456 2715 492 2753; x_wconf 86' lang='lat' dir='ltr'>quo</span> <span class='ocrx_word' id='word_1_405' title='bbox 505 2712 598 2752; x_wconf 88' lang='lat' dir='ltr'>regnantes</span> <span class='ocrx_word' id='word_1_406' title='bbox 611 2704 649 2741; x_wconf 90' lang='lat' dir='ltr'>sine</span> <span class='ocrx_word' id='word_1_407' title='bbox 662 2703 698 2742; x_wconf 88' lang='lat' dir='ltr'>fine</span> <span class='ocrx_word' id='word_1_408' title='bbox 711 2704 829 2743; x_wconf 85' lang='lat' dir='ltr'>exultabimus</span> 
     </span>
    </p>
   </div>
   <div class='ocr_carea' id='block_1_4' title="bbox 845 275 914 302">
    <p class='ocr_par' dir='ltr' id='par_1_4' title="bbox 845 275 914 302">
     <span class='ocr_line' id='line_1_43' title="bbox 845 275 914 302; baseline -0.014 0"><span class='ocrx_word' id='word_1_409' title='bbox 845 275 884 302; x_wconf 86' lang='lat' dir='ltr'>Rom.</span> <span class='ocrx_word' id='word_1_410' title='bbox 895 282 914 301; x_wconf 83' lang='lat'>12.</span> 
     </span>
    </p>
   </div>
   <div class='ocr_carea' id='block_1_5' title="bbox 847 1227 908 1261">
    <p class='ocr_par' dir='ltr' id='par_1_5' title="bbox 847 1227 908 1261">
     <span class='ocr_line' id='line_1_44' title="bbox 847 1227 908 1261; baseline -0.033 -8"><span class='ocrx_word' id='word_1_411' title='bbox 847 1227 879 1253; x_wconf 88' lang='lat' dir='ltr'>Mat.</span> <span class='ocrx_word' id='word_1_412' title='bbox 889 1234 908 1261; x_wconf 79' lang='lat'>19.</span> 
     </span>
    </p>
   </div>
   <div class='ocr_carea' id='block_1_6' title="bbox 846 1275 934 1344">
    <p class='ocr_par' dir='ltr' id='par_1_6' title="bbox 846 1275 934 1344">
     <span class='ocr_line' id='line_1_45' title="bbox 855 1275 934 1301; baseline -0.013 0"><span class='ocrx_word' id='word_1_413' title='bbox 855 1275 905 1301; x_wconf 81' lang='lat' dir='ltr'>Felices</span> <span class='ocrx_word' id='word_1_414' title='bbox 913 1283 934 1301; x_wconf 79' lang='lat' dir='ltr'>au-</span> 
     </span>
     <span class='ocr_line' id='line_1_46' title="bbox 846 1310 919 1344; baseline 0 -8"><span class='ocrx_word' id='word_1_415' title='bbox 846 1310 884 1336; x_wconf 84' lang='lat' dir='ltr'>nuehi</span> <span class='ocrx_word' id='word_1_416' title='bbox 894 1310 919 1344; x_wconf 86' lang='lat' dir='ltr'>qui.</span> 
     </span>
    </p>
   </div>
   <div class='ocr_carea' id='block_1_7' title="bbox 0 0 994 3023">
    <p class='ocr_par' dir='ltr' id='par_1_7' title="bbox 0 0 994 3023">
     <span class='ocr_line' id='line_1_47' title="bbox 0 0 994 3023; baseline 0 0"><span class='ocrx_word' id='word_1_417' title='bbox 0 0 994 3023; x_wconf 95' lang='lat' dir='ltr'> </span> 
     </span>
    </p>
   </div>
  </div>
 </body>
</html>
