1968 3023
86 1121 156 1149 Conscien-

69 1158 93 1184 tiae
104 1159 155 1184 bonae

69 1194 111 1220 dotes.

77 1243 116 1283 Error
125 1251 155 1283 con·

71 1284 131 1303 scienti
136 1285 152 1302 ae

69 1312 106 1338 uude.

186 155 218 190 168
429 157 455 193 De
468 159 553 195 saturitate
566 159 676 195 conscientiae.

183 232 229 270 bona
242 247 277 272 non
292 236 343 272 timet
357 250 441 285 apparere
454 239 471 274 in
486 249 581 288 conspectu
595 239 663 282 iudicis,
674 252 706 275 nec
719 238 820 287 synderesis
832 239 917 276 iudicium

184 294 246 329 metuit
259 296 365 333 accusantis.
377 296 492 334 Conscientia
505 298 551 335 bona
564 312 614 347 spem
628 298 681 335 habet
694 299 712 335 in
722 298 786 343 Deum,
801 309 817 335 et
831 301 868 336 sine
878 299 919 336 ltac-

182 353 272 390 sitationis
282 355 406 404 inquietudine
415 358 501 405 optimam
511 357 645 404 confidentium3
659 358 744 407 quoniam
754 359 784 407 qui
794 372 812 395 se
822 359 865 395 niltil
877 359 918 396 mali

183 413 294 451 commisisse
311 416 400 462 meminit,
415 417 436 453 ud
451 429 524 454 eunttten
538 418 600 454 iudicis
614 417 724 454 confidenter
736 418 791 464 venit.
805 419 917 455 Conscientia

182 471 228 509 bona
238 475 311 523 copiose
325 488 334 511 a
347 476 427 513 Domino
437 477 475 513 Deo
489 487 616 520 remuneratur,
630 485 648 513 et
662 477 679 513 in
693 476 778 525 gaudium
788 477 917 527 sempiternum

182 542 308 570 commutatur.
323 534 437 571 Conscientia
451 533 495 571 bona
510 545 541 581 est,
555 547 590 572 non
604 547 647 584 quae
661 534 705 571 nihil
718 535 760 572 mali
774 545 870 584 perpetrat,
885 535 916 572 sed

181 603 225 639 quae
239 604 271 639 pro
285 593 319 629 Dei
333 606 394 630 amore
407 593 627 630 munditiamconservans
641 593 661 630 ab
675 594 725 630 omni
739 604 818 643 peccato,
827 593 915 631 bonorum

181 664 252 699 quoque
261 665 336 700 operum
346 653 472 690 exercitatione
483 654 564 690 omnium
574 666 592 690 se
602 653 727 690 decentissime
737 663 795 691 ornat.
803 654 916 691 Conscientia

180 711 227 747 enim
241 710 288 749 bona
301 713 398 749 secundum
413 712 512 761 Prophetae
525 713 643 750 monitionem
656 726 665 749 a
680 712 728 749 malo
744 713 815 762 penitus
831 712 913 758 declinat,

180 780 197 807 et
210 769 277 808 bonurn
291 771 421 809 studiosissima
436 773 534 810 intentione
547 785 623 821 semper,
636 782 653 809 et
667 773 751 809 continue
765 782 853 820 operatur.
867 771 914 808 Con·

179 831 252 867 scientia
266 830 311 868 bona
325 832 404 868 maxime
418 832 490 869 decorat
504 832 618 878 monachum,
633 845 710 880 eumque
728 831 770 868 facit
783 845 792 868 a
806 830 914 868 secularibus

178 889 278 927 actionibus
292 904 365 939 prorsus
379 890 462 928 alienum.
476 891 589 929 Conscientia
602 891 648 929 bona
660 892 760 928 Dominum
770 892 828 928 iesum
841 893 858 928 in
871 892 913 927 sim-

178 949 218 998 plici
233 952 309 998 puritate
318 952 406 1001 sequitur,
416 961 432 987 et
441 950 494 987 nullis
504 964 584 987 errorum
595 951 668 988 maculis
680 951 789 1000 inquinatur.
800 950 913 988 Conscientia

161 1027 163 1030 ⁴
178 1010 233 1055 euim,
248 1023 292 1059 quae
305 1009 352 1048 bona
366 1020 400 1056 cst,
415 1021 431 1047 et
445 1011 529 1060 quamdiu
543 1010 588 1047 bona
602 1020 635 1056 est,
649 1024 685 1048 nou
700 1020 760 1058 potest
778 1023 817 1047 esse
830 1022 910 1055 erronea,

177 1068 207 1106 sed
221 1081 280 1107 manet
294 1083 366 1119 semper
376 1071 393 1107 in
406 1071 480 1107 veritate
493 1071 548 1107 sancti
562 1070 637 1119 Spiritus
647 1069 726 1106 fundata.
737 1070 850 1108 Conscientia
862 1081 910 1112 uero,

177 1142 221 1178 quae
235 1129 289 1166 fuerit
303 1132 384 1175 erronea,
394 1143 430 1167 non
444 1140 470 1166 est
483 1128 534 1167 bona.
545 1129 599 1167 Error
612 1130 659 1166 enim
674 1139 691 1166 et
705 1130 774 1166 veritati
788 1138 880 1178 repugnat,
894 1138 911 1165 et

176 1187 277 1225 nullatenus
291 1202 332 1225 cum
342 1188 421 1226 bonitate
430 1189 527 1238 participat.
536 1189 648 1225 Conscientia
658 1199 718 1225 autem
728 1197 798 1225 errante
811 1181 909 1236 periculum

176 1257 202 1283 est
216 1248 324 1295 proximum,
339 1258 357 1284 et
370 1246 420 1285 valde
438 1260 522 1297 praeceps
540 1247 634 1285 descensus
651 1248 673 1285 ad
686 1246 783 1285 infernum.
797 1247 841 1284 Sunt
858 1247 909 1284 multi

174 1306 220 1342 inter
228 1305 331 1343 claustrales
341 1306 415 1352 infirmi,
426 1317 443 1343 et
451 1308 526 1344 nimium
536 1306 632 1344 imbecilles
641 1308 707 1351 auimo,
718 1308 747 1355 qui
760 1308 908 1344 conscientiarum

162 1403 163 1406 ,
174 1378 246 1402 suarum
260 1379 296 1403 non
310 1379 381 1414 semper
394 1377 442 1404 recto
456 1366 556 1416 diriguntur
566 1367 638 1412 iudicio,
648 1367 705 1403 causis
714 1367 768 1403 variis
778 1367 908 1415 praeoccupati.

175 1426 196 1461 Et
209 1438 262 1474 saepe
275 1425 347 1475 quidem
361 1427 479 1463 conscientiae
492 1427 520 1463 vel
534 1438 603 1475 paruus,
617 1426 644 1462 uel
658 1438 734 1474 maguus
752 1438 801 1462 error
818 1427 908 1475 consurgit

175 1499 195 1522 eu
209 1487 314 1535 ignorantia,
325 1487 395 1536 quotics
408 1487 491 1524 videlicet
501 1486 567 1524 dubitat
576 1489 634 1523 ruirms
648 1488 666 1523 iu
679 1487 767 1536 spirituali
781 1487 907 1523 exercitatione
923 1500 924 1503 ¹

174 1545 248 1594 peritus,
263 1546 309 1583 bona
322 1547 345 1582 sit
359 1547 393 1592 via,
407 1559 460 1595 quarn
474 1536 573 1583 considerat
586 1548 603 1583 in
617 1547 682 1590 animo,
697 1559 718 1582 an
732 1546 782 1583 mala.
797 1546 843 1591 Quis
859 1546 915 1583 enirn

173 1614 222 1641 recte
234 1604 326 1642 natabulans
340 1608 357 1643 in
371 1618 408 1645 sua¹
416 1605 528 1653 simplicitate
538 1605 620 1654 intelligit
629 1606 701 1642 omnia?
714 1605 734 1642 In
748 1604 805 1642 dubiis
818 1606 906 1642 maiorum

172 1675 213 1702 sunt
227 1665 332 1714 requirenda
351 1664 433 1702 consilia:
447 1675 463 1701 et
477 1665 524 1714 quod
537 1664 562 1701 illi
574 1665 692 1711 decreuerint,
707 1665 806 1702 monachus
819 1678 860 1702 ¹non
873 1664 916 1701 du»

173 1724 216 1762 bitet
229 1725 373 1774 amplectendum
387 1737 419 1773 pro
429 1725 508 1761 veritatis
522 1725 613 1761 sententia.
624 1723 725 1773 Aliquando
739 1724 847 1761 conscientia
860 1734 905 1761 errat

171 1798 193 1821 ex
205 1784 320 1835 negligentia,¹
333 1783 406 1834 quando
418 1783 516 1821 monachus
529 1782 603 1832 negligit
616 1784 733 1831 semetipsum
747 1797 779 1833 per
792 1796 865 1820 examen
878 1796 905 1820 ra-

170 1845 224 1880 tionis
238 1844 331 1887 discutere,
341 1854 358 1881 et
371 1856 408 1881 non
417 1843 484 1880 laborat
497 1845 515 1880 in
528 1842 585 1880 dubiis
594 1844 687 1880 veritatem
697 1842 786 1892 indagare.
796 1844 842 1880 Hinc
856 1856 904 1881 error

171 1904 188 1940 iu
202 1905 309 1941 conscientia
323 1904 433 1952 perniciosus
447 1903 510 1949 oritur,
521 1916 552 1952 pet
565 1916 618 1952 quem
631 1904 677 1940 tatio
691 1902 776 1952 paulatim
786 1902 903 1940 obnubilatur.

170 1963 277 2012 Frequenter
291 1964 344 1999 etiam
356 1962 437 2011 superbia
447 1963 572 2000 conscientiam
583 1962 624 1999 facit
634 1975 733 2006 erroneam,
747 1972 764 1999 et
778 1976 787 1999 a
801 1964 902 2011 cognitione

168 2024 247 2060 ueritatis
262 2022 323 2071 procul
336 2022 417 2060 alienam.
431 2021 521 2070 Superbus
536 2023 583 2059 enim
597 2024 678 2071 quamuis
692 2035 711 2059 se
724 2023 793 2060 nescire
808 2022 901 2070 intelligat,

169 2084 237 2131 sapiens
255 2092 321 2127 tamen,
337 2093 354 2119 et
368 2082 430 2119 doctus
447 2080 503 2119 videri
516 2074 541 2118 ab*
552 2082 634 2118 omnibus
652 2082 724 2131 appetit,
740 2090 834 2129 propterea
852 2081 902 2118 fateri

167 2143 288 2192 ignorantiam
302 2155 354 2179 suam
371 2141 463 2179 erubescit,
478 2143 611 2191 Nonnunquam
624 2154 667 2178 ueto
681 2154 731 2178 error
749 2142 867 2178 conscientiae
881 2141 902 2179 de

167 2201 288 2250 singularitate
306 2202 370 2246 oritur,
390 2202 418 2238 cui
435 2203 555 2250 praesumptio
573 2213 643 2249 semper
660 2201 738 2237 admixta
757 2199 864 2249 perhibetur.
881 2200 901 2236 Et

167 2260 210 2297 ltaec
223 2262 278 2309 pestis
288 2261 390 2309 frequentet
399 2260 462 2297 infesta
476 2271 502 2297 est
515 2260 613 2306 monachis,
622 2269 640 2296 et
653 2260 686 2303 his,
698 2259 727 2308 qui
737 2260 848 2296 sanctitatem
861 2261 901 2307 pross

166 2319 237 2358 fitentur
250 2322 288 2357 sine
302 2320 418 2357 fundamento
436 2322 535 2358 necessario
553 2319 664 2357 humilitatis.
679 2319 725 2356 Ovis
739 2319 793 2366 enim,
807 2332 850 2369 quae
862 2318 900 2354 vias

165 2380 264 2428 singulares
278 2379 364 2429 graditur,
379 2379 430 2416 citius
444 2393 454 2416 a
466 2379 512 2427 lupis
526 2389 575 2428 capta
589 2378 714 2427 strangulatur.
728 2377 829 2426 Aliquando
846 2379 899 2416 etiam

164 2440 236 2477 affectus
246 2440 322 2476 nimium
332 2438 443 2476 inordinatus
454 2440 606 2476 conscientiarum
616 2451 696 2475 errorem
705 2437 809 2485 praecipitat
813 2453 818 2484 3
828 2438 899 2487 quando

164 2499 231 2536 scilicet
248 2499 304 2536 homo
322 2499 367 2547 plus,
381 2511 434 2547 quam
452 2499 527 2547 expedit,
545 2512 595 2535 suam
612 2497 724 2534 voluntatem
742 2505 795 2533 amat.
812 2497 898 2546 Quisquis

163 2561 210 2595 enim
224 2558 288 2595 affectu
308 2559 390 2607 propriae
408 2558 525 2596 sensualitatis
543 2558 618 2602 ducitur,
632 2558 735 2607 frequenter
748 2559 766 2594 in
779 2559 858 2595 veritatis
872 2558 898 2595 iu}

163 2617 209 2654 dicio
223 2627 333 2654 excaecatur*
347 2618 394 2654 Hinc
408 2617 446 2654 fieri
459 2630 495 2654 non
508 2629 534 2654 est
548 2617 628 2662 dubium,
643 2616 692 2666 quod
709 2617 762 2653 multi
780 2618 897 2655 conscientias

163 2676 228 2713 liabent
237 2689 326 2720 erroneas,
336 2678 377 2727 quia
386 2677 462 2714 nimium
472 2676 547 2726 diligunt
557 2678 613 2713 carnis
622 2676 705 2725 propriae
715 2676 821 2726 Voluptates.
831 2677 896 2715 Omnis
