1968 3023
175 147 209 182 282
476 145 527 182 [inlex
540 146 613 182 nundum

198 223 218 253 de
228 224 313 261 coenobiis,
321 234 368 261 qnam
376 224 395 254 rle
402 224 489 261 collegiatis
496 225 524 254 Ec·

198 273 253 309 cle-siis,
266 283 299 310 252,

173 323 234 359 Regula
247 324 267 352 D.
279 325 296 354 P.
312 323 392 353 Benedicti
405 323 477 353 omnibus
490 333 525 361 pro·

197 372 241 409 vidit,
254 381 286 409 245.

174 422 253 458 negulans
275 422 383 452 observantiae
408 423 488 459 neglectus
509 422 524 451 in

197 481 250 508 causa,
261 476 277 501 nt
288 472 381 502 monasteria
394 472 409 501 iu
423 472 525 502 commendas

197 521 293 558 redigantur,
304 530 337 558 270,

173 571 245 608 Repletio
255 571 296 601 same
309 571 415 609 perniciosior,
427 581 460 602 ror.

173 621 261 657 Resurgere
272 625 308 658 post
318 621 379 659 lapsum
392 631 449 658 magua
460 620 524 650 difficul-

197 674 226 706 tas,
238 671 271 706 236.

172 719 218 749 Risus
230 720 308 749 monacho
318 720 382 749 omuino
391 719 487 756 interdictus,
499 722 522 750 60.

173 770 253 799 Romanus
264 770 308 799 Pont,
317 770 374 799 Christi
380 769 451 799 Vicarius
459 779 490 799 nou
501 774 524 799 est

196 819 216 848 ab
226 818 290 848 homine
301 818 399 856 iudicandus,
410 827 444 856 249.

341 969 353 998 S

171 1066 271 1097 Sauctiticare
281 1067 355 1097 ieiunium
366 1067 409 1104 quid,
422 1076 453 1098 101.

171 1117 229 1146 Sancto
244 1126 276 1146 nno
288 1117 348 1146 olieuso
362 1121 459 1146 caeterorum
472 1116 523 1146 nullus

196 1166 255 1195 amicus
266 1166 299 1202 erit,
311 1175 343 1203 255.

171 1215 238 1245 Satietas
248 1216 264 1244 iu
274 1215 316 1245 victu
326 1225 388 1253 semper
399 1216 467 1253 vitanda,
480 1224 512 1252 rou.

171 1264 265 1301 Satislactio,
276 1275 300 1302 99.

171 1314 258 1344 Scurrilitas
268 1314 312 1351 quid,
323 1317 347 1345 60.

171 1364 261 1401 Scripturae
273 1364 340 1393 Divinae
350 1364 406 1401 quibus
419 1368 488 1402 pateant,
500 1374 523 1401 27.

171 1413 249 1450 Seguitles
263 1414 311 1450 pestis
325 1414 402 1443 monacho
416 1414 485 1443 omnium
496 1424 524 1443 uo·

195 1462 289 1497 centissima,
302 1472 335 1493 121.

171 1512 251 1541 Sententia
263 1512 322 1542 facilins
336 1512 427 1549 impeditur,
442 1522 489 1549 quam
500 1523 523 1543 re-

195 1566 264 1598 vocetur,
276 1570 309 1598 257.

170 1611 267 1642 Sententiam
278 1615 327 1641 mutat
335 1611 417 1648 Dominus,
429 1621 464 1642 cum
475 1612 523 1642 vitam

195 1665 279 1698 mutamus,
290 1671 324 1699 239.

170 1711 267 1741 Sententiam
278 1710 333 1740 duram
341 1710 423 1748 accipient,
431 1711 458 1748 qui
466 1721 522 1741 consu·

194 1761 227 1790 lunt
237 1760 317 1789 monachis
328 1761 428 1797 apostasiam,
440 1766 477 1798 252·

170 1811 226 1840 Sermo
237 1809 284 1839 index
295 1810 367 1846 pectoris,
380 1818 403 1846 72¹

141 1850 143 1852 ³
169 1860 225 1889 Sermo
235 1858 306 1888 inefficax
317 1859 342 1888 ille
351 1863 380 1895 est,
388 1868 436 1896 quem
443 1859 521 1897 vituperat

194 1907 292 1938 conversatio
302 1908 411 1945 praedicantis,
423 1917 456 1945 271.

169 1959 219 1988 Servo
227 1957 284 1987 Christi
292 1958 361 1987 Christus
369 1967 409 1987 uuus
419 1958 480 1995 sufficit,
490 1969 505 1996 9.

169 2007 263 2037 Solemniter
274 2016 291 2037 se
301 2008 337 2037 Deo
347 2007 396 2036 semel
406 2007 473 2037 offerens
483 2017 522 2037 nuu-

195 2066 241 2094 quam
252 2067 261 2086 a
271 2060 309 2086 voto
319 2057 358 2087 liber
368 2057 401 2092 erit¹
414 2065 446 2093 242.

170 2106 241 2136 Solitudo
252 2106 294 2136 unde
304 2106 372 2141 inducta,
384 2116 408 2143 39.

169 2155 266 2192 Solitudiuis‚
278 2159 294 2185 et
304 2156 359 2192 quietis
370 2165 419 2191 amor,
431 2158 455 2192 38.

169 2206 238 2235 Somnus
248 2214 280 2234 non
290 2205 341 2234 miuus
352 2206 402 2241 obest,
413 2214 460 2242 qnam
470 2206 520 2243 cibus,

195 2257 228 2285 118.

169 2306 237 2334 Somnus
248 2308 263 2334 et
273 2304 326 2341 vigilia
337 2305 456 2341 monachorum,
469 2308 500 2335 118.

169 2355 209 2392 Spes
220 2354 263 2391 qnid,
277 2362 308 2391 179,

168 2405 208 2441 Spes
218 2403 259 2433 vitae
270 2403 344 2440 longioris
356 2403 412 2432 ruultos
423 2403 466 2440 fallit,
477 2413 501 2440 37.

169 2453 217 2490 Spem
228 2452 315 2492 (adversus)
326 2453 366 2482 vitae
377 2452 457 2489 longioris,
470 2461 503 2490 173.

169 2502 258 2539 Spiritualia
268 2502 341 2531 exercitia
351 2502 419 2539 religiosi
430 2502 519 2533 omittentes

193 2561 240 2581 asna
251 2551 347 2589 professione
358 2551 444 2587 deviarunt,
457 2553 490 2587 236,

168 2601 243 2639 Spiritum
254 2601 283 2631 Dei
294 2601 343 2637 habe,
355 2605 370 2630 et
380 2601 432 2630 omnia
446 2610 519 2638 asseque-

193 2651 219 2687 ris,
230 2658 253 2687 54.

562 224 629 260 Statnta,
637 228 653 254 et
660 226 739 262 quaelibet
746 226 779 255 iura
788 226 817 255 uisi
828 226 914 256 executioni

587 274 681 304 mandentur
692 275 757 311 inutilia,
769 278 802 311 264.

562 323 623 352 Statuta
629 323 688 353 ordinis
695 334 724 361 pro
732 324 831 354 observantia
836 325 883 354 trium
888 335 915 355 vo·

586 376 638 402 torum
648 373 774 403 substantialium
784 373 861 411 ordinata,
870 383 908 411 232:

562 421 608 450 Stulti
618 422 751 453 cohortationibus
763 432 795 452 uon
805 423 914 460 emendantur,

586 471 615 500 sed
626 471 662 501 elati
673 472 717 509 fiunt,
729 474 763 509 264.

561 520 664 550 Subditorum
674 521 780 551 inobedientia
794 522 809 552 in
820 523 862 552 omui
873 524 913 560 Rep.

586 570 636 608 prima
647 571 748 602 desolationis
759 577 783 602 est
792 572 823 608 via,
834 575 867 609 264.

561 620 672 650 Substantialia
679 621 707 650 tria
715 621 793 658 religionis
801 625 838 651 vota
844 622 914 652 studiose

585 670 668 707 servanda,
679 680 713 708 232.

561 721 642 758 Superbos
656 721 720 758 quidam
734 722 821 752 monachus
834 721 879 752 foede
892 722 913 751 la·

586 779 628 807 psus,
640 772 673 800 126,

560 819 659 856 Superiores,
667 820 694 857 qui
701 821 751 851 malos
758 830 790 851 nou
797 821 868 859 puniunt,
876 830 913 851 con·

566 868 570 877 “
585 867 648 905 fortaut,
660 877 692 905 231.

731 967 745 997 Τ

561 1066 679 1102 Temperantia,
692 1068 725 1096 182,
787 1102 789 1106 ⁴

561 1116 641 1152 Tempore
652 1115 679 1155 (iu)
690 1116 792 1153 cogitandum
806 1116 826 1146 de
836 1116 912 1152 remedio,

586 1167 620 1202 258,

560 1214 659 1244 TentationIs
669 1219 748 1245 certamen
762 1215 876 1252 quotidianum,
888 1218 911 1252 64.

561 1264 651 1294 Teutationi
661 1265 729 1294 venienti
738 1265 857 1302 occurrendum,
865 1265 913 1302 idque

586 1314 672 1351 quomodo,
686 1317 718 1352 169,

561 1363 680 1393 Teutatiouibus
687 1364 768 1401 quomodo
773 1363 883 1401 resistendum,
889 1367 912 1394 68.

561 1412 643 1450 Tepiditas
653 1413 714 1443 lethalis
725 1414 808 1450 monacho,
819 1421 844 1450 34.

561 1462 632 1499 Tepidus
642 1462 674 1491 vim
684 1462 713 1492 sibi
724 1462 784 1498 inserat,
795 1471 820 1499 35.

560 1511 635 1548 Termini,
647 1521 687 1549 quos
697 1516 784 1549 posueruut
794 1516 846 1550 patres
856 1513 911 1550 sancti,

585 1571 616 1590 non
627 1561 757 1598 transgrediendi,
769 1570 803 1598 241.

560 1610 667 1647 Thiergaudo,
676 1612 781 1641 Treverorum
788 1611 912 1649 Archiepiscopo

584 1659 623 1697 quid
630 1660 712 1697 contigerit
721 1664 786 1698 propter
793 1661 911 1698 occupationem

584 1710 674 1739 monasterii
684 1710 700 1739 S.
708 1710 783 1740 Andreae
794 1710 810 1739 in
820 1711 868 1747 Urbe,
877 1720 910 1748 255.

559 1759 614 1789 Timor
624 1769 669 1796 spem
679 1769 711 1789 nou
722 1759 802 1796 destituat,
815 1767 847 1796 179.

559 1810 692 1846 Trausgressores
707 1808 775 1844 ordinis,
791 1813 807 1839 et
822 1809 911 1839 huiusmodi

583 1859 725 1895 transgressionum
740 1862 811 1891 auctores
826 1858 842 1888 iu
857 1859 911 1889 mortis

583 1907 652 1937 articulo
659 1907 727 1938 maxima
741 1907 797 1938 ruentis
808 1908 911 1939 amaritudine

583 1957 693 1994 defatigantur,
705 1966 739 1994 255.

559 2007 647 2036 Translatio
662 2006 703 2036 vitiis
719 2006 778 2036 aditum
794 2015 864 2037 reserans
876 2017 911 2044 pes·

583 2056 628 2093 sima,
640 2065 673 2092 254.

558 2105 629 2135 Tritemil
643 2105 690 2135 eliam
706 2115 743 2135 uum
759 2105 863 2136 adolescentis
879 2106 911 2136 ser—

583 2164 621 2185 vens
628 2154 675 2184 ardor
682 2164 719 2192 erga
726 2154 795 2184 studium
803 2156 879 2186 bonarum
887 2156 910 2185 lit·

582 2209 656 2240 terarum,
669 2212 702 2241 175.

726 2314 742 2343 U
783 2333 784 2336 ,

557 2402 658 2434 Uuisormitas
666 2402 733 2439 habitus,
741 2406 757 2432 et
766 2406 839 2432 tonsurae
846 2403 861 2433 iu
869 2405 910 2434 Cou-

581 2452 699 2489 gregatiouibus
709 2453 791 2489 servanda,
803 2455 837 2482 266.

557 2503 655 2540 Usurpantes
667 2502 796 2532 monasteriorum
808 2503 849 2532 bona
860 2503 909 2532 distri·

581 2555 606 2581 cte
616 2551 731 2587 iudicabuntur,
743 2553 776 2588 246,

557 2600 623 2631 Utilitati
631 2601 710 2630 couunuui
719 2602 779 2639 privata
787 2601 909 2632 commodanon

581 2650 699 2688 praeponenda,
711 2653 744 2688 256.
