1968 3023
52 1232 90 1258 loan
95 1240 122 1259 nes

35 1267 72 1301 liapn
88 1267 123 1302 prin-

35 1309 65 1335 ceps
77 1310 123 1328 tuoru-

34 1336 93 1363 eliorum.

58 2426 121 2453 Exerciria

32 2462 120 2496 spiritualium

41 2497 115 2528 solitudine,

32 2537 45 2557 et
61 2531 120 2564 silentio,

31 2566 92 2602 quinque.

146 200 170 236 40
359 184 386 224 Do
399 198 455 225 artiore
468 186 531 237 parietis,
546 193 560 225 ci
573 185 670 227 solitudinis.

146 279 281 306 momentaneae
294 268 386 306 novitatis.
400 267 434 305 Sed
448 280 512 316 pancos
526 268 611 306 intervos
624 279 713 307 amatores
725 270 804 307 internae
817 270 881 320 quietis

146 341 209 374 cerno3
223 337 240 364 et
253 326 306 364 doleo
319 326 447 373 velierrrente13
456 337 549 376 propterea
558 327 606 377 quod
620 329 688 377 optime
702 330 757 366 sciam
771 328 879 367 monachum

145 400 180 426 non
194 399 246 435 posse
263 387 281 423 in
298 386 386 436 spirituali
405 386 539 424 conuersatione
556 386 653 436 proficere,
672 400 726 437 quem
744 398 813 425 constat
827 388 880 426 cellae

145 447 224 496 quietem
233 459 269 483 non
278 458 344 484 aniate.
354 446 392 491 Qui
401 456 460 482 autem
474 445 529 491 notit,
538 455 623 494 quantum
634 447 704 483 animae
716 446 795 484 conferat
804 446 878 494 bonum,

144 504 246 543 solitudinis
259 515 358 549 secretum,
378 504 440 542 cellam
458 507 508 541 suani
522 504 587 553 diligit,
605 518 638 542 nec
652 504 702 542 facile
720 504 768 543 foras
784 506 879 555 egreditur,

144 578 215 615 semper
227 575 320 611 metuens,
335 565 353 601 in
368 563 446 600 tumultu
463 564 545 612 perdere,
562 563 611 612 quod
627 564 695 613 magno
712 565 731 601 in
748 563 808 602 abdito
821 565 880 603 labore

145 624 264 675 congregavit.
277 624 331 670 Nam,
346 634 365 659 ut
379 633 450 659 sanctus
463 623 574 671 Augustinus
587 623 635 668 dicit,
645 624 704 660 nrinus
714 623 836 672 voluptatibus
849 626 880 662 sti-

144 685 229 730 mulatur,
244 684 274 733 qui
287 696 323 721 non
337 693 370 729 est,
379 682 410 719 nbi
419 682 518 731 frequentia
528 692 554 719 est
563 682 684 732 voluptatum:
695 692 713 720 et
722 683 783 721 minus
795 684 880 722 avaritiae

144 743 236 781 molestias
249 743 322 791 patitur,
335 742 365 790 qui
379 739 475 790 proculab
489 740 591 777 horninibus
604 742 674 789 positus
688 741 759 778 divitias
777 755 813 780 non
826 742 879 780 videt.

144 804 189 840 Cum
206 814 249 852 ergo
262 811 333 838 sanctus
347 801 381 837 Dei
394 799 467 848 spiritus
480 800 544 837 mentis
558 811 605 837 amet
619 811 718 845 secretum,
736 801 807 838 horreat
820 813 879 839 autem

146 861 242 912 pubiicum,
256 860 277 897 ad
291 872 323 897 vos
337 860 419 908 pertinet,
434 858 506 906 iratres,
517 859 605 910 „cellarum
617 860 745 907 solitudinem,
763 870 780 897 et
798 862 879 898 omnium

144 920 260 971 ergasterium
272 921 359 956 virtutum
369 918 449 968 diligere,
459 928 476 955 et
485 918 505 955 ab
515 920 553 956 eius
561 918 662 957 habitaculo
671 920 709 957 sine
719 932 772 957 causa
779 920 879 958 rationabili

145 994 163 1018 se
176 992 267 1029 nunquam
280 978 364 1016 alienare.
378 978 478 1015 Monachus
491 978 538 1015 enirn
552 979 615 1015 secreti
627 988 697 1016 arrrator
710 992 747 1016 non
761 979 838 1024 ociosus,
850 981 892 1029 qui>

145 1040 206 1077 didicit
219 1039 290 1076 fortiter·
303 1038 322 1075 in
336 1037 379 1075 cella
393 1038 496 1082 consistere,
506 1038 566 1074 multis
580 1038 669 1075 interdum
678 1041 743 1077 sanctis
753 1039 880 1077 consolationi-

145 1100 176 1136 bus
190 1099 261 1145 fruitur,
276 1097 340 1147 quibus
353 1110 415 1147 vagtu,
427 1105 444 1134 et
457 1097 546 1146 inquietus
555 1099 653 1135 necessario
662 1099 747 1147 privatur.
757 1098 880 1143 Quemadmo-

144 1159 187 1196 dum
196 1159 255 1207 piscis,
265 1158 279 1193 si
289 1157 355 1193 diutius
368 1166 449 1194 teneatur
459 1166 507 1193 entra
520 1169 589 1206 aquam,
599 1158 675 1194 moritur
679 1173 684 1205 3
694 1158 718 1195 ita
727 1158 812 1196 monachi
821 1160 879 1196 omnis

144 1218 190 1267 perit
207 1217 288 1260 devotio,
306 1216 321 1252 si
339 1215 418 1252 crebrius
435 1224 484 1252 entra
500 1216 563 1253 cellam
581 1227 670 1265 evagatur.
688 1217 774 1255 ioannem
790 1219 880 1255 imitentur

143 1278 248 1325 Baptistant,
259 1288 313 1324 quern
326 1275 469 1324 Clirysostomus
482 1276 581 1324 principem
594 1275 636 1313 dicit
649 1290 688 1314 esse
701 1277 839 1324 monachorum,
850 1279 880 1327 qui

144 1336 248 1378 monachus,
262 1335 322 1371 statim
337 1344 356 1370 nt
369 1344 420 1371 natus
434 1343 467 1380 est,
482 1335 500 1370 in
513 1346 574 1371 eterno
587 1335 637 1381 uiuit,
652 1337 670 1372 in
684 1348 745 1373 eremo
758 1338 848 1384 nutritur,
863 1347 880 1374 et

144 1395 235 1432 Christum
249 1394 267 1430 in
280 1393 378 1430 solitudine
392 1392 491 1430 monachus
505 1395 609 1447 expectavit.
622 1394 668 1432 Nam
678 1396 724 1432 sicut
733 1394 805 1432 difficile
814 1404 840 1433 est
852 1409 879 1433 ar·

143 1455 206 1492 borean
219 1454 269 1490 iusta
281 1453 329 1490 tiam
343 1453 420 1500 positam
434 1452 502 1489 fructus
515 1465 572 1502 usque
589 1452 610 1489 ad
627 1455 749 1491 maturitatem
763 1467 840 1501 servare,
855 1457 880 1492 sic

142 1512 214 1550 difficile
227 1520 253 1549 est
261 1511 371 1548 monachum
381 1520 430 1547 entra
440 1510 503 1547 cellam
512 1524 562 1548 suam
573 1510 633 1548 crebro
643 1524 745 1561 vagantem,
755 1523 772 1550 et
785 1514 804 1550 in
813 1513 879 1551 actibus

142 1572 204 1609 mundi
217 1580 329 1619 occupatum,
344 1570 422 1607 iustitiae
436 1569 504 1606 fructus
519 1583 574 1619 usque
583 1570 604 1607 ad
613 1570 667 1608 finem
681 1572 807 1609 immaculatos
821 1582 879 1610 custo-

142 1632 184 1668 dire.
198 1629 309 1668 Recedainus
323 1629 379 1677 igitur
392 1628 414 1664 de
427 1629 456 1665 via
469 1629 553 1665 secularis
566 1629 659 1674 tumultus,
670 1640 688 1666 et
701 1631 802 1679 plantemus
815 1644 848 1668 nos
861 1632 879 1668 in

141 1701 210 1728 secreto
217 1690 326 1727 monasticae
334 1689 436 1727 solitudinis
441 1703 446 1734 3
454 1700 474 1726 ut
480 1701 513 1725 nec
523 1689 600 1725 nrnrrdus
609 1689 673 1726 habeat
682 1691 776 1727 nobiscum
784 1691 878 1740 quicquam

143 1763 244 1794 commune,
258 1762 291 1786 nec
304 1762 338 1786 nos
351 1762 393 1786 curn
406 1748 443 1785 illo.
457 1749 508 1786 Mens
522 1750 576 1793 eninr,
586 1761 630 1798 quae
641 1750 693 1794 curis,
703 1759 721 1786 et
730 1749 879 1787 sollicitudinibus

141 1809 204 1847 mundi
217 1810 323 1855 concutitur,
336 1821 377 1845 raro
391 1809 409 1844 in
423 1809 457 1845 Dei
470 1820 531 1845 aurore
545 1809 631 1845 veraciter
639 1808 733 1847 radicatur.
743 1809 804 1846 Motus
813 1810 879 1847 etenim

143 1870 225 1917 corporis
242 1878 309 1905 statum
326 1867 430 1916 frequenter
444 1867 505 1904 alterat
522 1868 596 1905 anemis:
614 1878 632 1904 et
649 1868 716 1914 homo,
733 1870 764 1916 qui
777 1880 848 1916 semper
860 1869 878 1905 in

144 1929 222 1966 externis
234 1928 330 1976 mergitur,
349 1926 420 1963 i'etvore
438 1926 492 1963 divini
510 1927 582 1974 spiritus
599 1938 692 1975 nunquam
705 1926 809 1963 illustratur.
822 1926 879 1971 Quies

141 2000 211 2037 irataque
227 1988 292 2023 mentis
306 1998 328 2022 ex
340 1985 397 2023 solida
412 1986 527 2022 consistentia
541 1987 621 2033 corporis
634 1987 722 2030 nascitur,
738 1995 756 2021 et
769 1986 879 2035 vi1·,qniso-

143 2047 237 2084 litudinem
251 2057 284 2095 pro
298 2045 331 2081 Dei
345 2056 407 2081 aratore
420 2044 484 2093 diligit,
494 2044 563 2089 fortior,
574 2054 591 2080 et
604 2043 636 2081 sibi
650 2045 711 2080 unitus
724 2045 743 2080 in
756 2056 817 2081 sancto
831 2057 877 2081 ener-

145 2107 186 2143 citio
201 2105 287 2143 consistit.
302 2104 390 2153 Quisquis
404 2104 458 2151 igitur·
472 2105 490 2139 in
503 2103 554 2140 vobis
572 2114 608 2149 est,
626 2104 700 2149 iratres,
719 2103 780 2140 salutis
797 2104 879 2153 propriae

142 2164 234 2201 studiosus
247 2173 323 2209 arrrator,
332 2161 389 2198 discat
402 2163 472 2210 quietus
485 2162 503 2198 in
517 2162 559 2198 cella
573 2162 677 2207 consistere,
687 2172 705 2197 et
714 2170 800 2210 quantum
811 2171 877 2209 potest,

142 2224 211 2261 studeat
224 2236 243 2260 se
257 2224 274 2259 in
288 2220 373 2271 operibus
387 2221 442 2258 divini
459 2223 526 2259 amoris
544 2234 583 2258 curn
602 2221 691 2258 desiderio
708 2222 773 2269 iugiter
786 2233 878 2269 occupare.

141 2284 184 2320 Esto
198 2294 257 2320 autem
272 2283 343 2332 quietus
357 2282 375 2317 in
390 2281 440 2326 cella,
454 2294 490 2318 non
504 2282 574 2319 ociosus
579 2296 584 2327 3
597 2281 714 2330 tranquillus,
726 2294 764 2317 non
776 2282 878 2318 somnolen-

142 2354 180 2387 tus;
195 2341 283 2391 spirituali
296 2353 367 2389 semper
381 2342 467 2377 exercitio
483 2340 560 2387 deditus,
574 2353 611 2377 tion
623 2350 697 2389 torpore
710 2341 765 2376 animi
776 2340 878 2379 dissolutus.

143 2404 263 2439 instrumenta
276 2413 319 2438 vero
329 2401 449 2449 spiritualium
459 2401 477 2436 in
486 2401 529 2437 cella
537 2401 663 2438 exercitiorum
673 2408 714 2437 sunt
723 2409 805 2449 quatuor,
815 2400 878 2449 legere,

142 2461 224 2507 scribere,
239 2474 297 2507 orare,
312 2474 332 2497 ac
345 2459 437 2497 meditari:
451 2462 532 2509 quintum
546 2472 588 2497 vero
601 2461 662 2508 paucis
677 2459 785 2503 conceditur,
796 2461 826 2509 qui
838 2471 878 2509 post

142 2534 202 2559 ueram
217 2521 275 2558 cordis
288 2522 386 2569 puritatem
400 2521 418 2556 in
431 2529 512 2556 montem
526 2520 683 2568 contemplationis
694 2518 769 2555 Dotnini
783 2519 878 2558 elevamur.

122 2626 124 2628 Ι
144 2583 232 2630 Denique,
247 2590 323 2631 quatuor
337 2582 370 2617 ista
384 2580 513 2618 monachorum
530 2581 613 2617 exercitia
630 2581 649 2617 in
666 2578 762 2616 solitudine
775 2579 829 2616 cellae
841 2592 878 2617 ma-

141 2642 229 2687 nentium,
238 2641 263 2677 ita
276 2650 318 2678 sunt
326 2641 442 2684 moderanda,
453 2649 471 2677 ut
484 2652 542 2689 neque
555 2640 633 2677 taedium
646 2649 738 2689 generent,
747 2652 805 2690 neque
814 2641 878 2678 mentis

142 2710 239 2751 torporem,
253 2701 284 2738 sed
298 2702 363 2751 cuique
377 2701 443 2739 actioni
457 2710 527 2752 tempus
541 2715 640 2751 congruum
654 2702 755 2753 deputetur,
768 2711 787 2739 ut
800 2701 842 2739 dum
855 2704 880 2740 vi·
