1968 3023
389 118 466 156 Humilia
481 118 528 155 XVI.
794 106 832 165 113¹

91 200 168 248 negavit.
182 199 231 245 Quid
245 201 292 237 enim
306 199 353 237 aliud
366 207 393 235 est
407 198 505 236 monachus
519 207 613 247 usurpator
626 198 724 235 voluntatis
738 197 825 246 propriael

90 259 125 295 nisi
138 260 163 296 rei
177 273 270 309 possessor
283 261 359 297 iniustus
373 259 454 296 alienae?
467 258 493 295 Sit
507 272 550 307 ergo
562 257 661 295 monachus
675 257 732 294 abbati
746 271 780 295 suo
793 257 825 293 hu-

90 318 156 355 militer
169 320 260 357 subiectus
273 332 306 368 pro
320 319 386 357 Christi
400 331 461 356 amore
475 331 545 367 semper
559 318 576 354 iu
589 317 679 364 orrrnibus,
693 317 737 354 nihil
751 319 825 354 ornnino

90 390 192 425 praesumat
201 392 252 428 agere
262 390 322 417 contra
335 380 372 416 eius
386 379 489 427 imperinm,
502 377 545 414 nihil
556 376 633 421 omittat,
645 376 672 413 vel
683 376 767 426 negligat,
779 375 825 425 qnod

90 436 123 473 sibi
137 436 157 474 ab
172 451 192 475 eo
206 437 260 475 fuerit
269 439 374 476 iniunctum.
388 439 455 476 Caveat
464 449 584 485 summopere,
598 449 619 472 ne
633 445 724 485 pastorem
734 449 786 472 suum
800 436 826 472 in·

82 487 150 546 vquieta
163 500 297 536 conversatione
312 508 341 536 aut
355 499 459 544 contristet,
475 507 504 534 aut
517 495 614 547 perturbet,
628 509 661 533 nec
679 496 765 532 adversus
783 509 823 532 euru

90 568 197 604 murmuret,
206 571 239 595 nec
252 558 277 595 illi
291 558 375 604 detrahat,
386 571 419 595 nee
429 557 497 594 malum
508 556 626 607 quodeunque
640 557 657 592 in
672 569 713 592 eum
724 556 777 593 dicat.
791 557 825 593 Re-

89 627 172 653 vereatur
188 631 229 654 euru
242 618 302 666 potius
319 618 394 654 sincero
407 616 474 654 affectu
492 616 582 653 charitatis
599 627 683 666 tanquam
698 615 765 652 Christi
779 616 823 652 vica·

89 676 148 721 rium,
163 689 180 713 et
194 691 229 715 non
244 678 335 714 contristet
344 678 425 714 animum
439 677 476 713 eius
490 686 519 713 aut
532 675 595 722 verbis,
605 685 635 712 aut
644 675 696 712 factis
711 676 824 723 importunis,

88 736 126 771 sive
139 735 269 785 incompositis.
283 736 379 773 Subveniat
393 746 459 779 autern,
469 745 486 772 et
500 745 583 783 quantum
597 744 661 783 potest,
676 735 715 771 eius
729 733 824 779 laboribus,

88 804 105 831 et
120 795 209 832 continuis
223 795 269 844 apud
282 796 341 832 Deum
355 808 386 844 pro
401 808 423 832 eo
438 793 519 844 precibus
534 794 634 832 intercedat.
648 794 706 831 Valde
720 804 792 843 peccant
806 795 823 830 in

87 855 147 890 Deum
161 854 250 898 monachi,
265 856 343 903 quisuis
358 855 466 903 importunis
480 853 627 896 detractionibus,
642 867 662 890 ac
675 852 755 901 reprobis
769 855 823 890 mori-

88 913 120 951 bus
134 913 215 951 abbatem
230 927 282 950 suum
297 915 402 951 contristare
415 927 452 950 non
465 923 553 950 verentur.
568 914 654 961 Quisquis
668 926 711 961 ergo
726 914 823 951 monachus

88 974 136 1022 cupit
151 986 189 1010 esse
203 972 266 1019 bonus,
276 974 354 1022 quisquis
368 974 386 1009 in
399 974 481 1011 Domino
492 985 533 1010 vere
547 973 584 1009 vult
597 985 635 1009 esse
650 972 732 1018 devotus,
743 972 822 1009 abbatem

87 1045 140 1068 suum
155 1041 174 1068 ut
188 1032 275 1068 vicarium
288 1033 307 1069 in
320 1033 430 1070 monasterio
444 1032 484 1068 lesu
499 1031 564 1068 Christi
578 1043 621 1080 pura
635 1030 730 1067 dilectione
744 1044 823 1080 semper,

87 1102 104 1128 et
114 1091 181 1140 ubique
190 1100 289 1135 veneretur,
303 1086 390 1128 mandatis
404 1092 442 1129 eius
456 1092 474 1127 in
488 1090 570 1128 omnibus
586 1090 677 1126 humiliter
688 1089 766 1137 obediat,
777 1102 794 1127 et
803 1090 823 1126 ab

87 1152 125 1187 eius
135 1150 233 1188 directione
242 1150 341 1188 nullatenus
350 1150 426 1188 recedat.
441 1149 499 1188 Abbas
512 1163 555 1187 vero
568 1163 587 1186 se
601 1150 693 1186 monachis
703 1150 739 1186 suis
750 1147 823 1199 dignum

86 1211 104 1247 in
118 1209 202 1247 omnibus
216 1210 285 1247 studeat
299 1208 381 1247 exhibere
396 1220 494 1259 pastorem,
509 1210 539 1259 qui
553 1222 595 1246 oves
609 1208 677 1246 Christi
691 1208 725 1245 sibi
739 1210 822 1246 commis-

85 1283 113 1307 sas
127 1268 182 1307 verbo
197 1281 256 1319 pascat
269 1271 330 1314 simul,
345 1281 362 1307 et
379 1270 462 1319 exemplo
477 1272 494 1306 in
508 1271 557 1306 omni
571 1269 709 1306 mansuetudine
728 1269 822 1307 charitatis.

85 1330 127 1366 Non
137 1329 231 1367 conturbet
244 1330 307 1367 fratres
321 1333 359 1367 sine
372 1331 424 1374 iusta,
439 1340 456 1367 et
470 1329 568 1368 rationabili
582 1330 694 1375 necessitate,
705 1342 741 1367 non
750 1331 773 1367 sit
782 1343 823 1366 con-

85 1398 164 1438 ternptor
178 1399 248 1427 sanctae
257 1390 397 1436 communitatis,
407 1390 548 1439 dispensatorem
558 1403 576 1427 se
586 1379 644 1426 reruni
654 1391 758 1426 monasterii
769 1402 822 1438 agno-

85 1458 132 1494 scat,
146 1461 183 1485 non
196 1450 295 1486 dominum.
309 1451 351 1487 Non
364 1450 387 1485 sit
401 1450 471 1486 derisor
484 1448 596 1486 subditorum
610 1461 696 1494 suorum,
712 1461 748 1486 non
762 1448 821 1485 turbu-

85 1507 154 1553 lentus,
168 1521 204 1545 non
220 1509 345 1557 importunus,
359 1521 397 1545 non
414 1519 510 1557 tyrannus,
524 1508 555 1545 sed
568 1518 637 1545 amator
655 1521 719 1546 eorum
736 1509 822 1554 sincerus,

84 1580 168 1604 sermone
186 1567 273 1617 placidus,
291 1567 371 1605 moribus
387 1568 443 1614 lenis,
459 1577 476 1604 et
494 1569 573 1617 integer,
587 1569 723 1605 conversatione
740 1579 821 1614 sanctus,

84 1627 195 1664 conscientia
208 1627 296 1673 mundus,
311 1637 370 1664 rnente
388 1627 406 1665 in
423 1628 483 1664 Deum
500 1639 571 1676 semper
587 1627 668 1665 devotus.
689 1628 755 1664 Curam
771 1638 821 1676 gerat

84 1687 185 1723 animarum
198 1686 230 1723 sibi
244 1688 380 1724 commissarum
394 1688 539 1735 omnitempore
553 1686 656 1733 sollicitam,
670 1698 687 1724 et
701 1686 746 1723 nihil
760 1700 821 1724 eorum

83 1745 169 1795 negligat,
185 1759 229 1794 quae
242 1746 263 1782 ad
276 1746 351 1783 salutem
367 1747 392 1782 eis
408 1746 492 1783 videntur
505 1759 558 1794 posse
573 1745 680 1783 conducere.
694 1747 736 1783 Non
750 1760 768 1783 se
781 1759 821 1795 pro-

83 1816 144 1853 pterea
158 1804 175 1842 in
187 1804 242 1841 altum
252 1805 328 1848 extollat,
338 1806 423 1854 quoniam
437 1814 497 1842 rector
507 1805 582 1841 aliorum
596 1806 665 1853 positus
677 1815 708 1848 est,
719 1804 749 1842 sed
759 1806 821 1841 memi-

83 1864 130 1900 nerit
139 1862 172 1899 sibi
182 1873 230 1900 tanto
244 1863 359 1912 metuendum
372 1864 457 1913 amplius,
469 1875 535 1913 quanto
544 1864 566 1901 ad
575 1863 685 1902 reddendam
696 1877 729 1913 pro
738 1864 820 1902 omnibus

83 1924 173 1959 rationem
191 1923 208 1962 in
226 1923 318 1960 tremendo
332 1922 399 1959 iudicio
413 1924 447 1959 Dei
461 1924 561 1961 certissime
575 1933 601 1961 est
615 1923 711 1974 obligatus¹
726 1924 821 1974 Superbos,

83 1982 164 2026 rebelles,
178 1992 196 2019 et
210 1991 323 2019 contumaces
338 1983 389 2031 quasi
402 1984 492 2020 Dotniuus
507 1984 593 2032 corrigat:
609 1984 697 2029 humiles,
713 1983 821 2030 obedientes,

83 2052 100 2079 et
109 2040 212 2090 dirigibiles,
227 2052 245 2078 ut
258 2051 307 2090 pater
316 2043 472 2079 mansuetissimus
482 2041 558 2091 benigne
569 2042 633 2087 foveat,
645 2054 661 2081 et
676 2045 770 2094 unicuique
784 2045 821 2081 sine

82 2114 200 2150 personarum
216 2101 318 2149 acceptione
331 2102 357 2138 ius
371 2114 424 2138 sunm
443 2103 532 2149 sapienter
550 2102 650 2141 distribuat.
665 2105 743 2141 Matrem
757 2118 786 2150 se,
801 2118 820 2141 ac

81 2162 171 2198 nutricem
185 2161 315 2198 monachorum
329 2174 400 2209 semper
417 2161 508 2198 eastimet:
524 2172 541 2199 et
557 2162 606 2206 ideo,
621 2176 666 2211 quos
684 2163 819 2201 mansuetudine

82 2230 141 2269 potest
155 2220 177 2257 ad
191 2220 266 2257 meliora
279 2221 374 2266 reducere,
388 2221 496 2269 importunis
510 2220 578 2267 verbis,
592 2230 609 2258 et
622 2222 671 2259 duris
690 2222 820 2260 invectionibus

82 2292 118 2316 non
132 2272 184 2316 debet
198 2278 307 2317 exacerbare.
321 2279 437 2316 infirmorum
455 2292 525 2328 semper
543 2293 601 2317 curam
619 2291 669 2329 gerat
683 2281 789 2319 sollicitam:
803 2292 820 2318 et

81 2338 105 2374 ita
119 2337 212 2387 provideat
226 2336 313 2382 omnibus,
328 2349 346 2374 ut
359 2338 426 2375 iustam
435 2350 472 2374 non
481 2337 557 2376 habeant
571 2352 640 2375 causam
655 2341 786 2378 murmurandi.
800 2342 819 2377 ln

81 2398 118 2433 suis
133 2397 189 2434 discat
203 2396 344 2443 infirmitatibus,
359 2396 512 2446 quemadmodum
527 2408 607 2446 oporteat
621 2411 662 2434 eum
676 2398 752 2435 subditis
766 2401 819 2437 mise-

81 2457 121 2494 reri.
135 2457 196 2493 Bonus
210 2458 257 2494 enim
272 2467 331 2506 pastor
345 2458 445 2493 animarum
460 2469 498 2492 esse
513 2469 547 2494 non
562 2466 625 2505 potest,
640 2459 670 2507 qni
684 2459 819 2496 necessitatibus

81 2517 212 2554 insinuantium
226 2516 336 2555 subditorum
346 2532 367 2554 en
377 2519 438 2554 'araimo
449 2508 526 2565 compati
536 2518 646 2567 dedignatur.
661 2519 692 2556 llle
706 2532 749 2556 vero
763 2519 819 2557 honus

81 2577 126 2614 inter
136 2577 234 2613 monachos
244 2576 296 2613 abbas
310 2576 348 2613 fieri
361 2586 426 2625 potest,
437 2578 467 2625 qui
477 2590 495 2613 se
505 2578 585 2625 personis
595 2577 725 2615 infirmantium
735 2579 760 2616 ita
770 2581 818 2617 nouit

79 2647 190 2685 comparare,
205 2644 223 2671 ut
237 2637 305 2684 quoties
319 2635 385 2684 aliquid
399 2634 453 2672 frater
467 2634 487 2672 ab
501 2649 522 2673 eo
536 2637 621 2685 postulat,
636 2650 723 2687 personae
737 2638 813 2676 formam

766 2729 772 2752 Β

862 204 934 231 hlnnachus

847 247 854 272 p
860 249 865 266 t
870 250 875 266 a
880 240 904 265 ese
908 248 914 264 c
918 246 922 265 t
926 249 934 265 u

846 284 870 301 suo
876 284 900 309 per
906 283 934 300 oau-

846 319 866 337 ura
883 318 933 336 morcui

846 352 886 380 gerat.

849 1162 895 1192 Qualis
901 1169 931 1186 esse

843 1197 888 1223 debeat
894 1206 930 1231 prae-

844 1231 889 1258 lectus.
