1968 3023
71 1421 115 1447 iacob.
125 1429 135 1447 2.

57 1484 95 1510 Fides
103 1493 135 1520 quae

48 1519 93 1545 salvat.

68 2555 104 2580 loarr.
115 2561 134 2587 ¹4·

159 155 180 192 18
340 155 388 193 Orat
400 155 421 193 sit
433 161 522 193 [irritatam
534 155 603 192 militiai
615 154 713 205 spiritualis.

339 195 356 202 N

157 235 194 271 sine
208 234 272 283 quihus
289 235 383 273 victoriam
401 248 453 274 nemo
472 235 586 285 consequitur
599 235 689 272 uitiorum.
704 234 779 271 Militiae
794 233 890 278 humanae,

157 306 209 342 quarn
220 293 298 344 plerique
308 296 361 332 nimis
371 294 451 332 studiose
459 305 548 332 sectantur
558 293 648 338 mortales,
656 294 773 331 instrumenta
782 304 829 339 sunt,
836 293 891 342 galea,

157 362 234 399 scutum,
248 353 317 398 thorax,
331 355 405 403 gladius,
419 356 481 404 pugio,
496 355 559 398 lorica,
572 353 663 397 baltheus,
677 353 747 399 lancea,
762 362 779 390 et
792 362 860 390 caetera
874 353 891 390 id

157 424 213 461 genus
226 412 288 460 multa,
302 413 365 463 quibus
380 414 499 451 curiosissime
513 423 603 450 struantur
616 413 638 450 ad
650 411 715 450 bellum
725 412 824 461 processuri
833 411 891 449 horni-

157 483 198 509 nes:
217 482 233 509 et
251 472 285 509 uisi
302 486 355 522 quam
374 473 510 521 diligentissime
527 473 544 510 111
562 482 600 510 1010
618 471 683 509 fuerint
701 484 775 521 corpore
792 472 856 509 muniti
869 471 891 509 acl

157 531 280 579 praeliandum
295 542 342 570 certe
355 533 414 570 minus
432 533 531 570 iudicantur
550 532 614 570 idonei.
630 532 730 580 Spiritualis
745 541 804 568 auteur
817 531 891 569 militiae

157 600 228 628 nostrae
241 604 290 628 arma
304 602 344 629 sunt
357 592 407 637 fides,
422 605 468 641 spes,
482 592 563 636 charitas,
577 591 665 641 patientia,
675 590 771 636 humilitas,
784 589 890 635 obedientia,

158 650 233 694 castitas,
247 650 301 688 simul
315 664 355 688 curu
369 653 434 689 sanctis
447 652 516 689 animae
529 651 624 695 virtutibus
637 664 668 700 pet
678 651 743 688 Divum
757 660 891 701 praeceptorem

157 718 240 747 nostrum
254 711 369 748 Benedicturn
384 711 492 754 enumeratis
506 711 523 748 iu
541 711 602 761 regula
619 710 651 747 sub
668 712 724 759 capite
741 720 814 759 quarto,
827 710 856 748 ubi
869 711 890 748 de

156 768 281 806 instrumentis
294 768 383 807 bonorum
396 782 472 818 operunr
486 770 579 819 pulchram
592 770 633 807 facit
646 771 762 807 mentionem.
779 769 801 806 Et
814 772 889 816 utinam,

156 827 220 866 fratres
233 831 276 876 mei,
285 840 322 867 tatu
335 843 414 867 essemus
428 831 500 877 curiosi,
510 841 526 867 et
540 829 633 879 diligentes
646 843 678 879 pro
691 829 718 867 his
733 829 806 867 militiae
818 840 889 867 nostrae

157 888 211 924 armis
224 888 351 937 spiritualibus
366 902 419 937 quam
438 888 520 926 homines
534 888 633 926 mundanos
651 901 683 937 pro
701 901 763 926 eorum
781 887 895 937 corruptibili

157 957 246 985 armatura
259 947 340 985 videmus
354 961 392 985 esse
409 947 501 985 sollicitos.
518 949 570 986 Nunc
586 957 655 994 autem,
673 947 721 997 quod
737 948 791 985 nimis
809 947 890 985 dolenter

157 1006 204 1052 dico,
213 1008 298 1056 quoniam
312 1020 360 1044 arma
374 1008 441 1054 salutis,
450 1006 513 1057 quibus
523 1006 609 1045 debellare
622 1020 683 1045 omues
697 1006 806 1045 aduersarios
818 1016 890 1045 nostros

158 1065 282 1113 debueramus,
296 1067 371 1116 turpiter
384 1066 483 1112 abiicimus,
498 1066 541 1116 quid
554 1075 608 1104 restat
621 1067 674 1113 aliud,
688 1067 721 1103 nisi
734 1076 753 1103 ut
766 1066 815 1103 hosti
827 1076 889 1104 nostro

157 1126 175 1163 in
189 1126 285 1163 certamine
299 1125 447 1164 succumbamus?
460 1127 495 1165 Sed
504 1127 563 1164 forsan
572 1127 640 1172 dicetis,
649 1127 666 1163 Si
676 1125 719 1163 fides
729 1126 834 1170 Christiana,
844 1127 890 1163 sicut

157 1184 256 1234 Apostolus
268 1195 348 1231 testatur,
359 1186 380 1223 ad
393 1195 502 1223 intraturam
513 1186 608 1236 spiritualis
618 1185 691 1223 militiae
701 1186 784 1234 pertinet,
794 1199 832 1223 eam
842 1196 889 1223 certe

156 1258 255 1294 numquam
265 1244 367 1282 abiecimus.
378 1246 472 1282 Credimus
482 1247 530 1282 enim
539 1245 620 1289 firmiter,
628 1244 711 1294 quicquid
720 1244 770 1282 nobis
781 1244 889 1282 credendum

156 1304 219 1341 Sancta
232 1304 290 1342 Mater
303 1304 381 1342 Ecclesia
394 1306 498 1353 proposuit,
516 1315 533 1342 et
548 1305 566 1342 111
584 1318 603 1341 ea
620 1304 661 1341 fidei
674 1303 854 1353 professionemque
868 1303 890 1340 ad

156 1372 234 1400 mortem
248 1374 349 1400 constanter
362 1364 471 1401 intendimus
485 1377 593 1414 permanere
607 1364 640 1401 Sed
654 1375 704 1409 esto,
719 1363 761 1412 quid
774 1372 834 1400 autem
847 1363 890 1401 dicit

156 1423 231 1460 Sanctus
244 1422 318 1460 lacobus
331 1424 349 1460 in
364 1423 450 1472 epistola?
464 1423 513 1467 Quid
526 1423 612 1472 proderit,
625 1423 687 1461 fratres
701 1424 742 1469 mei,
756 1424 770 1460 si
783 1422 837 1461 fidem
851 1424 889 1472 quis

156 1482 203 1520 dicat
217 1496 235 1519 se
249 1482 318 1527 habere,
329 1496 382 1532 opera
391 1494 450 1521 autern
459 1498 496 1521 nou
505 1484 580 1521 habeat?
589 1484 681 1533 Numquid
691 1485 757 1532 poterit
766 1483 809 1521 fides
821 1483 889 1521 salvare

156 1543 210 1580 eum?
224 1542 273 1578 Sicut
287 1543 334 1579 enim
348 1555 412 1591 corpus
426 1543 464 1580 sirre
477 1543 539 1591 spiritu
553 1552 645 1580 mortuum
659 1552 694 1580 est:
703 1544 728 1579 ita
740 1542 783 1580 fides
796 1543 834 1578 sine
847 1555 889 1590 ope·

156 1600 204 1637 ribus
218 1609 289 1638 11101101
302 1611 334 1638 est.
348 1601 426 1645 Quoties
439 1602 493 1651 igitur
506 1615 582 1651 cumque
592 1601 613 1638 de
622 1600 656 1638 fide
665 1602 751 1649 scriptura
760 1600 844 1650 loquitur,
852 1614 889 1638 11011

155 1661 242 1710 vulgaris,
257 1669 275 1697 et
288 1671 365 1705 mortua,
379 1660 410 1697 sed
424 1660 475 1698 bouis
488 1660 571 1709 operibus
584 1662 669 1707 formata,
683 1670 735 1710 atque
748 1661 809 1697 Dirini
823 1662 889 1698 auroris
907 1678 908 1681 ¹

155 1720 249 1757 dulcedine
258 1719 344 1757 illustrata
354 1733 425 1769 semper
434 1730 506 1770 oportet
515 1731 533 1758 ut
542 1720 657 1769 intelligatur.
667 1721 782 1757 Neruo'eniru
792 1720 889 1757 salvabitur

155 1793 187 1829 per
199 1779 254 1817 fidem
268 1789 343 1823 tantum,
357 1780 404 1817 sicut
416 1780 491 1817 lacobus
505 1779 548 1817 dicit
561 1781 579 1816 111
589 1779 669 1828 epistola,
679 1779 710 1816 sed
719 1790 790 1828 oportet
799 1779 840 1816 fidei
849 1792 889 1816 corr-

155 1840 230 1887 iungere
244 1838 355 1876 Christianae
369 1852 423 1888 opera
436 1839 512 1887 pietatis.
525 1840 563 1876 Vos
578 1838 647 1876 creditis
661 1840 679 1876 iu
692 1851 747 1875 uuum
756 1838 816 1875 Deum
825 1838 889 1876 Omni-

156 1908 256 1947 poteutem,
271 1899 374 1936 Creatorem
389 1899 444 1942 Coeli,
458 1908 476 1935 et
488 1898 561 1943 Terrae,
575 1898 651 1942 Patrem,
665 1907 682 1935 et
695 1897 764 1942 Filium,
775 1907 792 1934 et
803 1898 889 1946 Spiritum

155 1957 253 1994 Sanctum?
266 1956 313 1994 Beue
326 1955 390 1995 facitis.
403 1957 425 1995 Et
438 1957 534 1995 daemones
551 1957 632 2004 creduut,
646 1967 662 1994 et
680 1957 826 1995 contremiscunt.
840 1957 889 2002 Quid

155 2017 216 2054 enim?
229 2015 265 2053 Ubi
279 2025 320 2053 sunt
333 2029 394 2066 opera,
409 2030 439 2066 per
453 2030 497 2066 quae
510 2016 553 2054 fides
565 2029 623 2054 uestra
637 2011 735 2054 declaretur
743 2018 761 2053 iu
771 2016 843 2059 Christo
853 2016 889 2054 fot·

154 2077 214 2113 mata?
227 2075 300 2119 Ociosa,
313 2085 331 2113 et
344 2085 415 2113 mortua
424 2085 451 2113 est
460 2075 509 2122 fides,
519 2090 562 2125 quae
571 2076 645 2120 Sanctis,
655 2086 672 2113 et
680 2076 783 2114 necessariis
794 2089 889 2114 1101110111-

154 2135 250 2172 rneudatur
258 2134 346 2183 operibus.
357 2135 376 2172 ln
387 2135 478 2172 Christum
489 2135 584 2181 credimus,
595 2135 639 2173 berre
649 2146 682 2181 est,
693 2136 707 2172 si
717 2135 784 2173 Christi
793 2149 888 2186 sequamur

155 2194 241 2243 exempla.
254 2194 302 2231 Nam
313 2195 328 2230 si
337 2194 428 2232 Christum
438 2196 509 2242 pietatis
519 2194 602 2243 operibus
611 2208 648 2232 11011
657 2195 753 2243 sequimur,
763 2193 828 2232 frustra
837 2194 888 2233 nobis

155 2254 177 2291 de
186 2254 223 2292 sola
233 2253 267 2291 fide
276 2253 383 2291 blandimur.
396 2254 435 2291 Vos
449 2255 521 2303 inquam
533 2254 607 2298 creditis,
620 2264 636 2291 et
646 2253 741 2291 daemones
751 2253 829 2292 creduut.
838 2255 886 2292 Cum

155 2314 251 2351 dilectione
263 2313 307 2350 fides
321 2323 347 2350 est
361 2313 464 2360 Christiani,
479 2315 516 2350 siue
530 2314 625 2351 dilectione
639 2313 682 2350 fides
699 2313 770 2351 diaboli.
784 2315 837 2352 Recte
852 2327 888 2352 cre-

154 2373 202 2419 ditis,
217 2374 232 2409 si
245 2374 305 2410 Deum
319 2387 340 2410 ex
353 2382 392 2411 toto
407 2373 460 2410 corde
473 2386 505 2421 pro
515 2372 581 2410 viribus
595 2373 664 2410 amatis,
679 2373 697 2409 Si
710 2383 770 2410 autern
779 2386 819 2410 vere
829 2374 889 2411 Deum

154 2445 190 2470 non
203 2432 282 2481 diligitis,
296 2431 350 2470 fidem
364 2434 451 2479 otiosam,
467 2442 483 2470 et
497 2442 586 2470 mortuam
601 2432 674 2469 habetis.
692 2431 775 2469 Probatio
788 2442 848 2469 nutem
863 2432 888 2470 di-

154 2491 241 2536 lectionis,
249 2492 315 2529 3111110
323 2492 412 2542 Gregorio
421 2502 503 2538 testante,
511 2492 597 2529 exhibitio
607 2503 633 2529 est
643 2492 706 2538 oper-is.
715 2492 743 2529 Sic
752 2493 799 2529 enim
809 2493 888 2542 loquitur

154 2552 172 2587 111
186 2551 282 2601 Evangelio
296 2552 393 2590 Dominus:
407 2552 425 2589 Si
439 2553 478 2601 quis
492 2552 549 2601 diligit
563 2565 598 2599 me,
613 2565 714 2589 sernrouern
732 2565 792 2589 rrreuru
806 2551 887 2590 servabit.

153 2609 203 2645 Haec
216 2622 258 2659 ergo
272 2620 299 2647 est
311 2610 354 2647 fides
368 2623 415 2655 vera,
429 2610 487 2656 horris,
500 2621 517 2648 et
530 2611 595 2647 sanctis
609 2610 691 2659 operibus
709 2610 807 2647 secundum
821 2611 888 2647 Christi

154 2667 253 2706 doctrinam
268 2669 353 2707 ordinata.
367 2670 385 2707 Si
398 2669 433 2708 fide
442 2670 502 2716 simul,
512 2680 529 2707 et
538 2682 591 2719 opere
605 2671 623 2707 111
632 2671 731 2707 Dominum
740 2671 800 2708 lesum
810 2670 886 2715 creditis,
