1968 3023
423 140 478 176 Sermo
491 139 514 176 ii.
805 135 838 181 187

101 217 147 255 hono
157 218 290 256 reformationis
298 219 408 264 instituerat,
419 231 450 267 per
457 217 517 254 sedern
524 217 642 266 apostolicam
650 217 756 265 impetravit.
767 216 838 253 Primus

77 321 78 324 Ἰ
100 286 159 315 antem
168 277 277 315 Bursfeidiae
287 276 339 314 abhas
353 278 371 314 in
380 277 509 315 reformatione
518 275 551 314 fuit
560 277 637 314 ioannes
646 275 744 313 Monachus
754 276 775 313 de
782 275 837 312 Reiu-

100 336 166 374 hausen
180 328 279 383 iiistittrtus,
293 338 381 373 secundus
395 336 469 373 loannes
483 335 505 372 de
518 335 582 384 Hagen
591 334 631 372 'iam
645 335 708 378 dictus,
722 336 784 372 tertius
794 347 837 371 vero

100 396 231 443 Theodericus,
245 409 298 445 quem
313 395 398 440 vidimus,
412 405 517 446 et·quartus
531 396 616 441 ioannes,
631 396 661 444 qui
674 407 721 432 nunc
737 395 794 431 estin
808 407 838 430 re-

99 457 166 505 gimine
180 457 252 494 noviter
265 456 362 493 institurus.
376 454 516 494 [deformationis
529 464 602 492 nostrae
616 455 710 504 originem,
720 453 782 491 fratres
797 454 837 490 cha-

99 516 174 559 rissimi,
189 525 284 563 propterea
297 513 375 551 breviter
390 515 537 563 perstrinximus,
552 524 580 557 ut,
595 524 662 563 quanto
682 513 748 562 ceperit
766 512 836 557 labore,
860 524 862 528 ⁴

100 575 222 623 cognoscatis,
237 584 253 610 et
272 586 327 622 usque
344 574 365 611 ad
380 582 458 611 mortem
472 575 490 610 in
503 582 565 610 sancta
578 571 689 609 observantia
703 572 778 621 regulari
795 583 837 607 con-

99 643 166 670 stantes
184 627 307 681 perseveretis
324 634 371 670 inter
388 646 451 670 ornnes
469 633 515 670 enim
535 632 672 669 reformationes
690 628 757 668 ordinis
772 631 836 675 nostri,

98 705 143 742 quae
156 702 286 740 precesserunt,
295 692 342 729 nulia
352 692 385 729 fuit
394 705 471 741 unquam
485 692 557 740 regulae
571 691 608 728 divi
618 692 671 740 patris
681 690 771 728 Benedicti
780 689 836 739 tnagis

99 752 196 788 conformis
210 761 227 788 et
237 761 360 798 consentanea,
370 762 387 788 et
401 764 410 787 a
423 752 521 800 peregrinis
536 750 691 788 adinventionibus
705 753 761 799 magis
775 750 835 787 aliena¹

99 811 187 848 Omnium
205 810 280 847 aliarum
302 824 359 859 poene
383 810 532 847 reformationurn
551 820 617 847 statuta
634 810 720 859 legimus3
740 809 771 846 sed
789 808 836 845 nulla

99 869 145 917 plus,
161 883 214 919 qnam
228 881 290 907 nostra
303 878 421 907 consentanea
435 869 506 917 regulae
519 869 541 905 ad
554 870 651 917 puritatem
666 869 769 906 intentionis
782 869 836 905 Bene-

99 929 140 965 dicti
155 929 283 967 existimarnus,
297 929 347 965 Haec
360 940 386 965 est
399 928 503 966 reformatio
512 928 644 966 Bursfeldensis
657 930 675 965 in
689 929 750 966 ordine
763 928 836 965 sanctis-

98 990 154 1035 sima3
170 1002 214 1038 quae
225 1001 284 1025 veram
296 998 313 1024 et
323 988 374 1025 docet
384 988 511 1034 obedientiam,
523 998 540 1024 et
554 988 632 1025 custodit
642 989 659 1024 in
670 988 770 1025 humilitate
779 986 836 1024 subie-

99 1049 183 1085 ctionem.
197 1049 266 1085 Vivunt
279 1048 297 1085 in
310 1047 343 1084 hac
357 1057 415 1085 sancta
429 1048 515 1096 religione
528 1061 620 1097 pauperes,
633 1058 650 1084 et
663 1048 700 1084 sine
715 1047 784 1097 peculio
798 1060 836 1084 mo·

97 1107 161 1155 nachif,
176 1108 239 1145 vivunt
255 1107 342 1151 humiles,
356 1108 418 1145 vivunt
436 1107 545 1152 obedientes,
558 1108 621 1144 vivunt
640 1108 719 1145 castiO
737 1106 836 1144 veneranda

45 1187 46 1190 ¹
98 1167 230 1204 monachorum
244 1167 298 1212 unio,
313 1167 330 1203 in
344 1180 377 1216 qua
391 1167 466 1213 charitas
479 1168 569 1215 geminata
588 1168 673 1216 imperat,
686 1166 786 1204 obedientia
803 1167 835 1203 mi-

98 1225 143 1272 litat,
157 1226 249 1263 humilitas
264 1224 380 1274 obtemperat,
390 1216 447 1263 orario
456 1226 524 1275 vigilat,
534 1226 665 1274 perseverantia
678 1237 751 1274 pugnat,
766 1226 835 1263 castitas

98 1296 157 1322 sancta
170 1284 274 1333 triumphat.
288 1285 336 1321 Haec
350 1295 375 1321 est
388 1284 449 1322 schola
462 1284 565 1333 disciplinae
575 1285 668 1334 regularis,
678 1285 775 1322 institutrix
784 1284 835 1321 Chri-

98 1345 165 1380 stianae
179 1343 298 1389 humilitatis;
312 1356 355 1392 quae
370 1356 428 1380 mores
442 1343 463 1380 ad
476 1343 602 1381 rectitudinem
616 1344 682 1393 dirigit,
697 1354 713 1381 et
727 1345 782 1381 carnis
793 1345 836 1381 vitia

97 1403 194 1451 restringit.
207 1403 267 1440 Nemo
281 1403 299 1439 in
312 1403 345 1439 hac
358 1404 445 1439 virtutum
455 1403 543 1451 palaestra
557 1403 667 1452 voluntatem
682 1405 771 1453 propriam
785 1405 835 1453 sequi

98 1472 159 1499 contra
172 1461 252 1510 regulam
262 1461 376 1509 permittitur,
386 1474 439 1498 nemo
453 1461 564 1498 benefacere
578 1461 689 1509 prohibetur.
703 1462 731 1499 Ad
740 1464 834 1511 puritatem

97 1521 168 1570 regulae
181 1522 200 1557 in
213 1521 246 1557 hac
259 1531 318 1557 sancta
332 1522 398 1557 unione
411 1521 488 1557 vivitur:
504 1530 520 1557 et
534 1522 548 1557 si
562 1521 650 1570 quispiam
665 1535 673 1557 a
687 1523 750 1559 semita
763 1522 835 1559 rectitu-

97 1580 142 1618 dinis
157 1580 228 1617 deviare
242 1581 326 1628 coeperit,
339 1581 430 1618 seniorum
443 1580 531 1618 industria
544 1593 587 1618 ruoa
605 1581 626 1618 ad
640 1581 772 1618 observantiam
785 1582 834 1618 iusti·

96 1642 131 1677 tiae
144 1648 244 1677 revocatur,
259 1639 327 1688 Regula
341 1640 447 1677 sanctissimi
460 1640 518 1676 Patris
529 1639 622 1677 Benedicti
635 1651 661 1677 ter
674 1632 775 1689 pubiicein
788 1653 834 1678 anno

96 1698 167 1747 legitur,
181 1709 200 1735 ut
213 1711 267 1735 nemo
281 1697 313 1735 sub
327 1700 436 1747 ignorantiae
449 1709 493 1747 typo
507 1699 560 1735 sede
575 1697 686 1737 observantia
700 1713 783 1737 excusate
796 1713 834 1737 mo-

96 1758 155 1796 liatur.
165 1760 208 1796 Duo
217 1767 265 1805 sunt,
275 1771 319 1806 quae
328 1759 372 1794 mihi
381 1771 431 1806 spem
441 1771 524 1807 magnam
535 1758 556 1795 de
563 1759 695 1806 perseverantia
703 1759 755 1796 huius
765 1770 835 1797 sanctae

96 1817 230 1855 reformationis
244 1817 356 1865 pollicentur,
365 1817 438 1854 annuale
452 1816 535 1854 videlicet
550 1817 653 1866 capitulum,
668 1827 684 1854 et
698 1816 782 1856 biennalis
796 1818 834 1855 dili-

95 1889 139 1924 gens
148 1877 228 1913 visitatio
238 1876 374 1913 monachorum.
388 1876 468 1913 Alterum
483 1877 497 1911 si
511 1875 603 1924 quodlibet
617 1877 693 1913 istorum
704 1877 834 1924 intermittitur,

95 1949 139 1973 mox
151 1935 257 1972 reformatio
271 1935 385 1982 periclitatur.
400 1934 482 1983 Cogitate
496 1947 544 1971 nunc
557 1935 612 1985 igitur
625 1935 687 1973 fratres
701 1937 807 1981 charissimi,
818 1947 834 1974 et

82 2029 84 2033 .
96 2005 183 2045 quantum
196 1996 278 2043 potestis,
292 1993 427 2043 diligentissime
441 2003 506 2038 curate,
520 2007 542 2030 ne
556 1994 591 2032 hoc
605 1996 647 2031 Divi
661 1997 746 2044 praesulis
762 1988 833 2034 Martini

96 2053 205 2101 coenobium
218 2052 250 2089 sub
260 2063 297 2089 tam
306 2052 414 2091 venerandae
424 2053 557 2090 reformationis
571 2054 624 2091 titulo
638 2055 724 2092 inutiliter
737 2057 834 2104 occupetis

95 2114 181 2162 quoniam
194 2113 229 2149 nisi
242 2112 340 2149 secundum
353 2112 439 2162 regulam,
449 2122 466 2149 et
480 2112 548 2150 ordinis
561 2123 632 2158 statuta,
643 2127 692 2162 pure,
702 2125 768 2161 sancte,
778 2126 794 2152 et
808 2117 834 2152 in-

95 2173 164 2222 culpate
177 2173 267 2218 vixeritis,
282 2172 347 2209 frustra
364 2173 397 2210 Dei
411 2174 484 2210 nomine
498 2173 593 2211 confiditis.
610 2175 696 2211 Dicemus
712 2174 762 2212 vobis
780 2188 834 2225 pauca

95 2232 156 2269 salutis
170 2241 239 2269 vestrae
253 2232 331 2277 monita;
345 2243 376 2280 per
389 2244 466 2280 quorum
482 2231 582 2268 studiosam
599 2232 731 2270 observantiam
749 2233 834 2271 reforma-

95 2293 149 2328 tionis
162 2302 234 2328 nostrae
247 2289 377 2336 Bursfeldinae,
391 2299 408 2327 et
421 2303 489 2328 nomen
502 2289 590 2328 habebitis
604 2293 678 2338 merito,
693 2302 710 2330 et
723 2293 833 2343 dignitatem.

95 2351 114 2387 In
128 2352 191 2399 primis
204 2361 244 2387 ante
258 2350 318 2387 omnia
332 2359 414 2386 conatum
429 2360 507 2387 vestrum
522 2351 565 2387 totis
579 2350 672 2389 desideriis
685 2354 703 2389 in
717 2353 833 2390 monasticam

94 2411 223 2460 perfectionem
237 2406 318 2458 dirigite,
332 2423 385 2458 quem
403 2411 473 2459 quoties
492 2420 613 2459 tepescentem
632 2413 732 2460 senseritis,
746 2426 788 2449 mox
804 2424 834 2461 per

95 2471 201 2507 Dominicae
215 2470 309 2517 passionis
320 2479 337 2506 et
346 2470 409 2505 mortis
419 2470 576 2507 innocentissimae
590 2471 676 2508 intentam
689 2472 795 2509 memoriam
809 2484 834 2508 re·

94 2539 165 2567 novate.
182 2528 234 2572 Nam,
249 2538 266 2564 et
275 2526 294 2564 'st
308 2540 346 2564 esse
364 2527 437 2576 perfecti
450 2541 486 2565 non
500 2538 593 2565 teneamur
609 2529 630 2566 de
645 2531 750 2567 necessitate
765 2530 833 2577 salutis,

94 2600 177 2626 tenemur
190 2598 249 2625 tanren
263 2586 284 2624 ad
297 2587 426 2635 perfectionem
441 2588 500 2624 conari
514 2587 608 2624 desideriis
621 2588 669 2625 totis.
684 2590 727 2625 Mox
745 2590 801 2636 enim,
815 2600 834 2626 ut

94 2648 194 2686 monachus
208 2657 291 2684 conatum
305 2645 407 2694 proficiendi
422 2645 487 2693 abiicit,
501 2648 519 2683 in
532 2646 604 2684 foveam
619 2647 722 2685 defectionis
736 2649 788 2689 cadit.
804 2650 834 2687 Se-
