1968 3023
67 268 133 296 Monacho

46 303 82 330 bono
101 305 133 331 nihil
173 322 176 330 .

45 338 108 367 foelicius.

23 931 27 940 ¹
53 928 103 956 Eccles.
111 937 131 963 za.

70 1053 109 1079 Prov.
119 1061 131 1080 2.

56 2000 105 2027 Eccles.
114 2008 126 2035 9.

40 2132 51 2151 2.
60 2124 126 2157 11011114.

63 2236 105 2264 Galat.
114 2237 126 2264 6.

48 2350 98 2378 Eccles.
106 2359 126 2378 11.

47 2482 59 2500 2.
69 2473 104 2501 Tim.
114 2482 126 2501 1.

156 183 177 220 16
371 183 398 223 Dc
409 184 483 235 prosectu
497 185 565 224 militiae
578 186 673 236 spiritualis.

153 263 203 300 Nihil
212 273 260 301 certe
269 263 317 302 bono
326 266 415 304 monacho
424 265 514 305 foelicius:
529 267 558 304 cui
571 281 589 304 se
598 268 633 305 Dei
646 267 693 305 filius
706 268 801 317 pollicetur
810 270 828 306 in
837 281 887 318 prae-

153 335 216 369 mium,
226 323 271 361 nihil
281 325 334 362 etiarn
343 324 459 364 laboriosius:
473 327 502 376 qui
512 327 620 364 constitutus
633 328 651 364 in
664 340 722 377 agone
732 329 832 366 certaminis
842 342 886 378 quo·

152 382 195 420 tidie
209 383 231 421 de
244 397 276 422 sua
294 385 404 435 periclitatur
419 386 483 432 salute,
498 395 516 423 et
531 386 576 424 nihil
593 387 682 424 monacho
700 386 771 434 fortius,
786 388 815 438 qni
832 388 887 425 vincit

152 444 240 482 mundum
258 445 319 493 simul,
336 455 389 496 atque
407 445 504 493 diabolum,
519 446 564 484 nihil
582 460 653 497 quoque
671 446 776 485 imbecillius
792 461 820 495 eo,
834 449 886 498 quia

152 515 204 541 carne
217 505 290 554 propria
302 514 403 553 superatur.
417 505 492 554 Semper
504 506 559 555 igitur
572 504 609 553 tibi,
619 506 636 544 O
646 506 740 554 monache,
752 516 813 545 contra
826 506 885 544 000111-

152 571 190 600 111111
204 563 276 601 hostem
286 564 347 601 salutis
357 574 397 601 tuae
405 563 516 613 vigilandum
529 574 564 602 est:
579 565 609 614 qui
618 577 717 615 numquam
726 566 793 603 facilius
803 567 885 613 vincitur,

151 635 204 671 quam
218 624 233 660 si
247 623 309 673 procul
322 623 342 661 ab
356 624 430 661 introitu
439 624 504 661 inentis
514 633 599 661 arceatur.
609 624 661 662 Unde
674 626 689 662 si
703 634 764 663 contra
777 639 818 663 eum
827 626 885 662 victor

152 683 202 732 cupis
215 684 295 729 evadere,
309 697 346 722 non
363 684 435 733 patiaris
448 683 480 722 tibi
493 684 583 722 machinas
596 685 639 732 doli,
652 699 672 723 ac
685 685 750 723 fraudis
764 686 798 724 illis
811 686 885 736 propius

151 743 250 782 admoveri.
259 744 335 782 Custodi
348 757 411 782 sensus
425 746 442 782 in
456 746 519 794 primis
533 755 580 792 tuos,
591 759 613 784 ne
626 760 675 784 inors
687 760 718 796 per
731 746 816 786 fenestras
827 750 884 798 ingre-

151 804 219 842 diatur:
233 813 250 841 et
263 804 320 842 hostis
338 814 380 842 tunc
397 805 475 842 manime
493 816 555 842 caveto
572 805 651 852 insidias,
666 819 707 844 cum
720 816 737 844 te
750 806 770 844 ad
784 818 853 856 ternpus
867 811 884 847 in

151 872 181 901 tua
194 863 291 901 devotione
304 865 405 914 permiserit
418 878 457 902 esse
470 877 559 902 securum.
569 865 703 903 Admonitionis
717 880 807 916 nunquam
821 867 884 906 oblivi-

151 924 205 960 scaris
223 923 257 959 viri
275 924 364 971 sapientis¹
379 924 409 973 qui
427 923 479 961 dicit:
493 924 561 961 Sinon
574 924 592 960 in
605 925 670 962 timore
683 925 758 975 Domini
775 928 853 964 tenueris
867 936 884 965 te

151 984 244 1020 instanter:
254 983 290 1019 cito
299 982 407 1020 subvertitur
416 982 480 1020 domus
489 992 525 1030 tua,
535 983 552 1020 id
562 993 588 1020 est
599 985 713 1022 conscientia.
722 984 789 1023 Idcirco
798 986 883 1024 Salomon

151 1043 169 1080 in
182 1040 282 1079 Proverbiis
296 1041 350 1079 dixit:
365 1042 429 1078 beatus
447 1041 502 1079 homo
520 1042 550 1091 qui
567 1055 637 1092 semper
655 1052 680 1080 est
695 1043 779 1092 pavidus:
794 1046 824 1094 qui
841 1058 883 1082 vero
921 1056 922 1059 ’

151 1102 216 1139 mentis
234 1110 260 1138 est
274 1100 335 1147 durae,
349 1111 420 1138 corruet
433 1102 452 1138 in
465 1100 538 1138 malunt.
552 1101 596 1139 Mox
609 1102 663 1149 enim,
677 1113 696 1138 ur
709 1102 807 1140 monachus
823 1103 844 1141 de
857 1117 883 1141 se-

152 1162 226 1198 curitate
235 1160 381 1209 praesumpserit,
390 1161 427 1197 iam
436 1160 474 1197 sine
483 1159 537 1197 dubio
546 1160 568 1197 ad
577 1160 668 1198 interitum
678 1161 739 1199 tendit.
747 1162 824 1211 Oportet
834 1176 882 1212 ergo,

151 1220 227 1257 militem
236 1220 303 1258 Christi
317 1229 379 1256 contra
392 1232 435 1256 suos
445 1219 555 1257 adversarios
568 1233 639 1269 semper
651 1234 689 1257 esse
699 1230 785 1269 paratum,
794 1231 813 1259 ut
822 1236 883 1271 quam·

150 1280 180 1317 diu
193 1279 238 1316 vivit
252 1280 270 1315 in
283 1278 317 1315 hot
330 1278 402 1315 mortali
420 1291 500 1328 corpore,
514 1291 551 1316 non
564 1292 583 1316 se
597 1279 673 1316 confidat
686 1279 726 1316 illos
740 1280 817 1329 perfecte
831 1295 882 1330 supe·

150 1352 204 1376 rasse.
217 1338 293 1386 Semper
306 1338 354 1374 enirn
368 1350 409 1374 caro
426 1338 537 1387 concupiscit
554 1338 637 1375 adversus
655 1339 743 1387 spiritum,
757 1349 774 1376 et
789 1341 883 1389 nequando

150 1408 244 1448 superetur
256 1398 333 1443 anianus,
348 1398 433 1446 quamdiu
447 1398 534 1447 contingit
547 1399 615 1444 vivere,
625 1400 744 1435 necessarium
759 1408 784 1436 est
797 1413 882 1448 pugnare.

150 1457 299 1506 Quotiescunque
311 1457 383 1494 hostem
397 1467 448 1493 11111111
462 1456 570 1494 invisibilem
583 1458 652 1504 viceris,
666 1458 732 1494 iteruin
745 1471 815 1508 semper
828 1460 883 1496 insur-

148 1530 192 1566 gens
206 1529 247 1554 cum
256 1517 324 1553 maiore
334 1517 408 1553 saevitia
417 1516 449 1553 tibi
459 1516 580 1565 congreditur,
590 1526 616 1562 ut,
627 1518 656 1566 qui
666 1517 771 1554 fortitudine
779 1531 814 1555 non
824 1529 882 1568 potest

148 1576 229 1613 obtinere
243 1576 343 1623 victoriam,
352 1575 456 1613 assiduitate
469 1576 532 1613 saltem
545 1576 617 1614 inducat
630 1577 777 1626 desperationem.
785 1578 813 1615 Tu
823 1588 882 1615 autem

149 1635 216 1673 Christi
225 1635 277 1672 miles
286 1634 384 1672 fortissime
394 1644 457 1672 caveto
471 1648 492 1672 ne
506 1636 524 1672 in
538 1648 595 1685 agone
605 1636 657 1672 huius
670 1635 770 1673 brevissimi
780 1638 882 1674 certaminis

149 1695 224 1741 deficias,
235 1709 283 1743 cave,
293 1708 314 1732 ne
328 1706 367 1732 ante
377 1695 488 1745 completum
501 1696 519 1732 in
532 1695 567 1733 fine
575 1695 669 1744 praelium,
680 1708 728 1732 arura
738 1698 830 1734 necessarii
844 1711 882 1735 mu-

148 1756 220 1794 niminis
234 1756 319 1805 deponas,
328 1756 377 1792 Dicit
390 1756 439 1792 enirn
452 1754 543 1793 Salvator:
559 1756 596 1800 Qui
609 1756 748 1804 perseveraverit
761 1770 817 1807 usque
831 1759 848 1794 in
861 1757 881 1794 fi-

148 1829 195 1862 nem,
209 1815 269 1852 salvus
283 1816 321 1853 erit.
334 1815 376 1853 Non
394 1815 425 1852 des
442 1815 521 1864 requiem
540 1816 608 1853 animae
623 1826 663 1853 tuae
681 1816 765 1865 quamdiu
780 1816 811 1853 tibi
829 1816 881 1855 luerit

148 1887 254 1911 concessum
268 1874 286 1910 in
299 1874 332 1911 hac
345 1873 442 1910 miserabili
451 1874 595 1922 peregrinatione
605 1875 678 1920 morari,
688 1874 719 1912 sed
732 1888 802 1925 semper
815 1876 881 1926 aliquid

148 1934 190 1971 boni
200 1933 260 1980 110110,
270 1946 292 1970 110
301 1946 386 1983 umquam
396 1932 477 1970 diabolus
486 1933 565 1970 inveniat
578 1943 595 1970 te
609 1934 696 1971 ociosum.
706 1934 798 1972 Memento
812 1948 881 1984 semper

147 1993 276 2031 admonitionis
283 1993 380 2041 scripturae
388 1992 471 2030 dicentis:
477 1992 609 2042 'Quodcunque
618 2001 676 2041 potest
686 2005 749 2030 manus
758 2003 787 2030 tua
796 1995 881 2031 instanter

147 2065 226 2101 operare:
240 2053 281 2101 quia
294 2065 327 2088 nee
340 2064 392 2100 opus,
403 2064 435 2088 nec
449 2052 501 2097 11110,
510 2064 542 2087 nec
551 2051 642 2100 sapientia,
652 2064 684 2088 nec
693 2052 765 2089 scientia
775 2063 826 2089 erunt
834 2053 880 2101 apud

146 2111 219 2158 inferos,
233 2125 269 2161 quo
282 2120 301 2147 tu
315 2124 406 2160 properas.
415 2111 474 2148 Nemo
488 2120 515 2147 est
529 2111 581 2155 enim,
591 2112 621 2159 qui
630 2123 700 2159 semper
709 2112 763 2148 vivat:
778 2111 808 2148 sed
818 2125 880 2149 omnes

146 2172 240 2215 morimur,
251 2181 268 2207 et
281 2172 327 2207 sicut
336 2183 392 2219 aquae
405 2171 423 2207 in
436 2181 501 2207 terram
516 2170 620 2217 delabimur,
629 2184 674 2220 qnae
687 2171 763 2220 'amplius
772 2171 793 2209 ad
803 2173 880 2221 priorem

146 2241 212 2268 statum
226 2244 262 2267 11011
276 2239 392 2267 revertentur.
402 2229 456 2266 Tunc
464 2243 501 2266 non
511 2230 544 2266 erit
553 2230 629 2278 amplius
639 2239 709 2278 tempus
719 2231 803 2279 operandi
812 2231 879 2268 honum

146 2291 167 2328 ad
180 2291 264 2327 meritum
279 2288 382 2326 foelicitatis
396 2298 485 2335 aeternae,
495 2289 526 2326 sed
540 2302 655 2338 quaecunque
668 2289 754 2326 11101111110
768 2291 785 2326 111
799 2300 880 2340 tempore

146 2350 261 2387 seminaverit
279 2349 340 2393 1101110,
354 2358 397 2385 111110
416 2361 448 2397 pro
466 2348 550 2385 mercede
565 2349 645 2397 recipiet.
658 2348 726 2386 Idcirco
740 2349 804 2386 iterum
820 2359 880 2387 sancta
929 2380 931 2383 ,

147 2409 189 2446 011011
202 2410 297 2458 scripturn,
308 2409 362 2445 Mane
375 2409 444 2444 semina
457 2421 518 2445 semen
532 2416 616 2455 tuum,et
630 2420 703 2457 vespere
716 2421 738 2445 ne
752 2419 808 2445 cesset
817 2423 879 2447 manus

146 2478 181 2505 tua.
194 2469 215 2504 Et
229 2478 300 2504 sanctus
314 2467 380 2504 Paulus
389 2467 509 2504 Timotheum
523 2466 620 2504 admonens
634 2465 681 2504 dicit:
691 2466 758 2504 Labora
768 2468 813 2504 sicut
822 2467 879 2504 bonus

147 2527 198 2564 miles
212 2527 279 2564 Christi
293 2528 338 2564 lesu.
349 2527 408 2564 Nemo
423 2536 482 2563 autem
496 2526 575 2563 militans
584 2527 624 2563 Deo
637 2526 716 2574 implicat
730 2540 748 2563 se
761 2528 839 2576 negociis
853 2540 879 2564 se-

147 2586 241 2633 cularibus,
255 2596 274 2623 ut
288 2587 303 2623 ei
317 2586 393 2635 placeat,
408 2586 437 2622 cui
454 2599 472 2622 se
485 2585 572 2634 probavit.
585 2585 632 2622 Nam
650 2595 666 2622 et
684 2598 751 2629 eorum,
766 2587 795 2635 qui
814 2596 879 2623 certant

146 2648 164 2682 in
178 2659 241 2695 agone,
251 2659 304 2683 nemo
317 2644 431 2683 coronabitur
444 2646 478 2681 nisi
491 2646 521 2694 qui
534 2644 613 2695 legitime
627 2646 725 2683 certaverit.
735 2645 800 2683 Omnis
814 2655 878 2693 autem,

146 2706 208 2755 quiin
222 2719 279 2755 agone
297 2705 396 2750 contendit,
410 2704 431 2741 ab
445 2704 529 2741 omnibus
543 2717 561 2741 se
575 2703 655 2742 abstinet.
668 2705 688 2740 111
701 2704 735 2741 1110
751 2718 822 2754 quoque
837 2704 878 2742 1000
