<?xml version="1.0" encoding="UTF-8"?>
<!DOCTYPE html PUBLIC "-//W3C//DTD XHTML 1.0 Transitional//EN"
    "http://www.w3.org/TR/xhtml1/DTD/xhtml1-transitional.dtd">
<html xmlns="http://www.w3.org/1999/xhtml" xml:lang="en" lang="en">
 <head>
  <title>
</title>
<meta http-equiv="Content-Type" content="text/html;charset=utf-8" />
  <meta name='ocr-system' content='tesseract 3.04.00' />
  <meta name='ocr-capabilities' content='ocr_page ocr_carea ocr_par ocr_line ocrx_word'/>
</head>
<body>
  <div class='ocr_page' id='page_1' title='image "MN5032ucmf_2_0035.png"; bbox 0 0 1968 3023; ppageno 0'>
   <div class='ocr_carea' id='block_1_1' title="bbox 409 108 833 180">
    <p class='ocr_par' dir='ltr' id='par_1_1' title="bbox 409 108 833 180">
     <span class='ocr_line' id='line_1_1' title="bbox 409 108 833 180; baseline -0.005 -10"><span class='ocrx_word' id='word_1_1' title='bbox 409 130 486 171; x_wconf 76' lang='lat' dir='ltr'><strong>Humilia</strong></span> <span class='ocrx_word' id='word_1_2' title='bbox 499 130 530 170; x_wconf 77' lang='lat' dir='ltr'><strong>lli.</strong></span> <span class='ocrx_word' id='word_1_3' title='bbox 712 108 714 110; x_wconf 59' lang='lat'>&gt;</span> <span class='ocrx_word' id='word_1_4' title='bbox 812 140 833 180; x_wconf 82' lang='lat'><strong>23</strong></span> 
     </span>
    </p>
   </div>
   <div class='ocr_carea' id='block_1_2' title="bbox 50 210 945 2650">
    <p class='ocr_par' dir='ltr' id='par_1_2' title="bbox 97 210 928 382">
     <span class='ocr_line' id='line_1_2' title="bbox 98 210 928 261; baseline 0 -9"><span class='ocrx_word' id='word_1_5' title='bbox 98 216 113 253; x_wconf 91' lang='lat' dir='ltr'><strong>si</strong></span> <span class='ocrx_word' id='word_1_6' title='bbox 127 224 190 252; x_wconf 87' lang='lat' dir='ltr'><strong>contra</strong></span> <span class='ocrx_word' id='word_1_7' title='bbox 203 210 254 250; x_wconf 89' lang='lat' dir='ltr'><strong>illum</strong></span> <span class='ocrx_word' id='word_1_8' title='bbox 268 220 365 261; x_wconf 79' lang='lat' dir='ltr'>consurgat</span> <span class='ocrx_word' id='word_1_9' title='bbox 378 212 444 249; x_wconf 88' lang='lat' dir='ltr'><strong>iniuste</strong></span> <span class='ocrx_word' id='word_1_10' title='bbox 453 211 554 261; x_wconf 87' lang='lat' dir='ltr'><strong>quicunqne</strong></span> <span class='ocrx_word' id='word_1_11' title='bbox 566 210 684 260; x_wconf 89' lang='lat' dir='ltr'><strong>perturbatus.</strong></span> <span class='ocrx_word' id='word_1_12' title='bbox 694 212 743 249; x_wconf 84' lang='lat' dir='ltr'><strong>Dicit</strong></span> <span class='ocrx_word' id='word_1_13' title='bbox 752 212 800 249; x_wconf 88' lang='lat' dir='ltr'><strong>enirn</strong></span> <span class='ocrx_word' id='word_1_14' title='bbox 809 211 836 247; x_wconf 94' lang='lat' dir='ltr'><strong>vir</strong></span> <span class='ocrx_word' id='word_1_15' title='bbox 855 225 928 261; x_wconf 69' lang='grc'><strong>1111119,</strong></span> 
     </span>
     <span class='ocr_line' id='line_1_3' title="bbox 97 269 834 321; baseline -0.007 -10"><span class='ocrx_word' id='word_1_16' title='bbox 97 275 161 311; x_wconf 83' lang='lat' dir='ltr'><strong>iustus:</strong></span> <span class='ocrx_word' id='word_1_17' title='bbox 171 273 218 310; x_wconf 87' lang='lat' dir='ltr'><strong>Cum</strong></span> <span class='ocrx_word' id='word_1_18' title='bbox 232 271 265 318; x_wconf 85' lang='lat' dir='ltr'><strong>his,</strong></span> <span class='ocrx_word' id='word_1_19' title='bbox 275 271 306 320; x_wconf 89' lang='lat' dir='ltr'><strong>qui</strong></span> <span class='ocrx_word' id='word_1_20' title='bbox 319 272 395 308; x_wconf 90' lang='lat' dir='ltr'><strong>oderunt</strong></span> <span class='ocrx_word' id='word_1_21' title='bbox 408 283 476 320; x_wconf 98' lang='lat' dir='ltr'><strong>pacem,</strong></span> <span class='ocrx_word' id='word_1_22' title='bbox 486 284 534 307; x_wconf 89' lang='lat' dir='ltr'><strong>eram</strong></span> <span class='ocrx_word' id='word_1_23' title='bbox 544 270 636 320; x_wconf 89' lang='lat' dir='ltr'><strong>pacificus:</strong></span> <span class='ocrx_word' id='word_1_24' title='bbox 651 284 691 308; x_wconf 93' lang='lat' dir='ltr'><strong>cum</strong></span> <span class='ocrx_word' id='word_1_25' title='bbox 700 269 785 321; x_wconf 78' lang='lat' dir='ltr'>loquebar</span> <span class='ocrx_word' id='word_1_26' title='bbox 793 270 834 316; x_wconf 90' lang='lat' dir='ltr'><strong>illis,</strong></span> 
     </span>
     <span class='ocr_line' id='line_1_4' title="bbox 98 330 835 382; baseline -0.007 -12"><span class='ocrx_word' id='word_1_27' title='bbox 98 331 227 382; x_wconf 76' lang='lat' dir='ltr'>impugnabant</span> <span class='ocrx_word' id='word_1_28' title='bbox 240 344 269 368; x_wconf 87' lang='lat' dir='ltr'><strong>me</strong></span> <span class='ocrx_word' id='word_1_29' title='bbox 283 331 343 380; x_wconf 85' lang='lat' dir='ltr'><strong>gratis.</strong></span> <span class='ocrx_word' id='word_1_30' title='bbox 353 331 400 367; x_wconf 90' lang='lat' dir='ltr'><strong>Hinc</strong></span> <span class='ocrx_word' id='word_1_31' title='bbox 413 331 488 368; x_wconf 88' lang='lat' dir='ltr'><strong>Sanctus</strong></span> <span class='ocrx_word' id='word_1_32' title='bbox 497 330 609 379; x_wconf 77' lang='lat' dir='ltr'><strong>Augustinus</strong></span> <span class='ocrx_word' id='word_1_33' title='bbox 622 330 706 379; x_wconf 88' lang='lat' dir='ltr'><strong>loquitur:</strong></span> <span class='ocrx_word' id='word_1_34' title='bbox 716 330 770 379; x_wconf 85' lang='lat' dir='ltr'><strong>Apud</strong></span> <span class='ocrx_word' id='word_1_35' title='bbox 782 342 835 366; x_wconf 91' lang='lat' dir='ltr'><strong>veros</strong></span> 
     </span>
    </p>

    <p class='ocr_par' dir='ltr' id='par_1_3' title="bbox 98 389 835 439">
     <span class='ocr_line' id='line_1_5' title="bbox 98 389 835 439; baseline -0.005 -10"><span class='ocrx_word' id='word_1_36' title='bbox 98 393 131 429; x_wconf 87' lang='lat' dir='ltr'><strong>Dei</strong></span> <span class='ocrx_word' id='word_1_37' title='bbox 145 392 223 428; x_wconf 87' lang='lat' dir='ltr'><strong>cultores</strong></span> <span class='ocrx_word' id='word_1_38' title='bbox 237 392 290 428; x_wconf 91' lang='lat' dir='ltr'><strong>etiam</strong></span> <span class='ocrx_word' id='word_1_39' title='bbox 304 391 342 439; x_wconf 85' lang='lat' dir='ltr'><strong>ipsa</strong></span> <span class='ocrx_word' id='word_1_40' title='bbox 356 389 401 426; x_wconf 90' lang='lat' dir='ltr'><strong>bella</strong></span> <span class='ocrx_word' id='word_1_41' title='bbox 409 399 471 439; x_wconf 85' lang='lat' dir='ltr'><strong>pacata</strong></span> <span class='ocrx_word' id='word_1_42' title='bbox 481 399 528 436; x_wconf 86' lang='lat' dir='ltr'><strong>sunt,</strong></span> <span class='ocrx_word' id='word_1_43' title='bbox 538 402 583 438; x_wconf 86' lang='lat' dir='ltr'><strong>quae</strong></span> <span class='ocrx_word' id='word_1_44' title='bbox 596 402 632 427; x_wconf 91' lang='lat' dir='ltr'><strong>non</strong></span> <span class='ocrx_word' id='word_1_45' title='bbox 642 389 743 438; x_wconf 81' lang='lat' dir='ltr'><strong>cupiditate,</strong></span> <span class='ocrx_word' id='word_1_46' title='bbox 752 399 835 427; x_wconf 89' lang='lat' dir='ltr'><strong>autcrtt-</strong></span> 
     </span>
    </p>

    <p class='ocr_par' dir='ltr' id='par_1_4' title="bbox 98 448 835 501">
     <span class='ocr_line' id='line_1_6' title="bbox 98 448 835 501; baseline -0.004 -13"><span class='ocrx_word' id='word_1_47' title='bbox 98 451 175 496; x_wconf 85' lang='lat' dir='ltr'><strong>delitate,</strong></span> <span class='ocrx_word' id='word_1_48' title='bbox 189 450 221 487; x_wconf 91' lang='lat' dir='ltr'><strong>sed</strong></span> <span class='ocrx_word' id='word_1_49' title='bbox 233 451 281 501; x_wconf 83' lang='lat' dir='ltr'><strong>pacis</strong></span> <span class='ocrx_word' id='word_1_50' title='bbox 294 450 354 487; x_wconf 91' lang='lat' dir='ltr'><strong>studio</strong></span> <span class='ocrx_word' id='word_1_51' title='bbox 367 460 459 498; x_wconf 87' lang='lat' dir='ltr'><strong>geruntur,</strong></span> <span class='ocrx_word' id='word_1_52' title='bbox 470 458 489 485; x_wconf 90' lang='lat' dir='ltr'><strong>ut</strong></span> <span class='ocrx_word' id='word_1_53' title='bbox 503 448 545 486; x_wconf 87' lang='lat' dir='ltr'><strong>mali</strong></span> <span class='ocrx_word' id='word_1_54' title='bbox 558 459 678 496; x_wconf 79' lang='lat' dir='ltr'><strong>coerceantur,</strong></span> <span class='ocrx_word' id='word_1_55' title='bbox 692 459 709 486; x_wconf 93' lang='lat' dir='ltr'><strong>et</strong></span> <span class='ocrx_word' id='word_1_56' title='bbox 722 449 765 486; x_wconf 93' lang='lat' dir='ltr'><strong>boni</strong></span> <span class='ocrx_word' id='word_1_57' title='bbox 777 448 835 486; x_wconf 86' lang='lat' dir='ltr'><strong>suble-</strong></span> 
     </span>
    </p>

    <p class='ocr_par' dir='ltr' id='par_1_5' title="bbox 98 508 835 559">
     <span class='ocr_line' id='line_1_7' title="bbox 98 508 835 559; baseline -0.004 -11"><span class='ocrx_word' id='word_1_58' title='bbox 98 520 168 549; x_wconf 85' lang='lat' dir='ltr'><strong>ventur.</strong></span> <span class='ocrx_word' id='word_1_59' title='bbox 182 511 203 547; x_wconf 90' lang='lat' dir='ltr'><strong>ln</strong></span> <span class='ocrx_word' id='word_1_60' title='bbox 216 510 314 558; x_wconf 87' lang='lat' dir='ltr'><strong>semetipso</strong></span> <span class='ocrx_word' id='word_1_61' title='bbox 332 522 395 559; x_wconf 89' lang='lat' dir='ltr'><strong>pacem</strong></span> <span class='ocrx_word' id='word_1_62' title='bbox 412 508 470 553; x_wconf 91' lang='lat' dir='ltr'><strong>habet,</strong></span> <span class='ocrx_word' id='word_1_63' title='bbox 484 509 514 558; x_wconf 88' lang='lat' dir='ltr'><strong>qui</strong></span> <span class='ocrx_word' id='word_1_64' title='bbox 530 508 614 558; x_wconf 86' lang='lat' dir='ltr'><strong>puritate,</strong></span> <span class='ocrx_word' id='word_1_65' title='bbox 629 521 649 545; x_wconf 91' lang='lat' dir='ltr'><strong>ac</strong></span> <span class='ocrx_word' id='word_1_66' title='bbox 661 509 779 546; x_wconf 87' lang='lat' dir='ltr'><strong>sanctimonia</strong></span> <span class='ocrx_word' id='word_1_67' title='bbox 792 508 835 545; x_wconf 93' lang='lat' dir='ltr'><strong>illu-</strong></span> 
     </span>
    </p>

    <p class='ocr_par' dir='ltr' id='par_1_6' title="bbox 97 567 857 617">
     <span class='ocr_line' id='line_1_8' title="bbox 97 567 857 617; baseline -0.005 -10"><span class='ocrx_word' id='word_1_68' title='bbox 97 580 169 617; x_wconf 87' lang='lat' dir='ltr'><strong>stratus,</strong></span> <span class='ocrx_word' id='word_1_69' title='bbox 183 571 201 607; x_wconf 90' lang='lat' dir='ltr'><strong>in</strong></span> <span class='ocrx_word' id='word_1_70' title='bbox 215 569 325 607; x_wconf 87' lang='lat' dir='ltr'><strong>conscientia</strong></span> <span class='ocrx_word' id='word_1_71' title='bbox 336 581 368 605; x_wconf 92' lang='lat' dir='ltr'><strong>sua</strong></span> <span class='ocrx_word' id='word_1_72' title='bbox 381 568 431 616; x_wconf 87' lang='lat' dir='ltr'><strong>vivit,</strong></span> <span class='ocrx_word' id='word_1_73' title='bbox 445 569 482 605; x_wconf 92' lang='lat' dir='ltr'><strong>sine</strong></span> <span class='ocrx_word' id='word_1_74' title='bbox 496 580 556 605; x_wconf 88' lang='lat' dir='ltr'><strong>errore</strong></span> <span class='ocrx_word' id='word_1_75' title='bbox 569 580 649 614; x_wconf 85' lang='lat' dir='ltr'><strong>securus,</strong></span> <span class='ocrx_word' id='word_1_76' title='bbox 664 580 717 617; x_wconf 86' lang='lat' dir='ltr'><strong>quem</strong></span> <span class='ocrx_word' id='word_1_77' title='bbox 734 567 835 616; x_wconf 81' lang='lat' dir='ltr'><strong>synderesis</strong></span> <span class='ocrx_word' id='word_1_78' title='bbox 855 582 857 585; x_wconf 54' lang='lat'><em>⁴</em></span> 
     </span>
    </p>

    <p class='ocr_par' dir='ltr' id='par_1_7' title="bbox 98 625 834 676">
     <span class='ocr_line' id='line_1_9' title="bbox 98 625 834 676; baseline -0.005 -9"><span class='ocrx_word' id='word_1_79' title='bbox 98 643 134 667; x_wconf 91' lang='grc'><strong>101</strong></span> <span class='ocrx_word' id='word_1_80' title='bbox 147 628 238 667; x_wconf 86' lang='lat' dir='ltr'><strong>remordet</strong></span> <span class='ocrx_word' id='word_1_81' title='bbox 251 629 307 672; x_wconf 81' lang='lat' dir='ltr'><strong>anaia,</strong></span> <span class='ocrx_word' id='word_1_82' title='bbox 322 639 355 664; x_wconf 91' lang='lat' dir='ltr'><strong>nec</strong></span> <span class='ocrx_word' id='word_1_83' title='bbox 368 628 434 664; x_wconf 86' lang='lat' dir='ltr'><strong>iniusta</strong></span> <span class='ocrx_word' id='word_1_84' title='bbox 448 627 533 676; x_wconf 76' lang='lat' dir='ltr'><strong>cogitatio</strong></span> <span class='ocrx_word' id='word_1_85' title='bbox 546 625 644 676; x_wconf 88' lang='lat' dir='ltr'><strong>perturbat,</strong></span> <span class='ocrx_word' id='word_1_86' title='bbox 658 627 686 664; x_wconf 91' lang='lat' dir='ltr'><strong>vel</strong></span> <span class='ocrx_word' id='word_1_87' title='bbox 703 627 768 676; x_wconf 91' lang='lat' dir='ltr'><strong>iniqua.</strong></span> <span class='ocrx_word' id='word_1_88' title='bbox 782 626 834 664; x_wconf 88' lang='lat' dir='ltr'><strong>Unde</strong></span> 
     </span>
    </p>

    <p class='ocr_par' dir='ltr' id='par_1_8' title="bbox 97 685 943 855">
     <span class='ocr_line' id='line_1_10' title="bbox 98 685 943 736; baseline -0.004 -10"><span class='ocrx_word' id='word_1_89' title='bbox 98 702 159 726; x_wconf 88' lang='lat' dir='ltr'><strong>rursus</strong></span> <span class='ocrx_word' id='word_1_90' title='bbox 173 688 292 736; x_wconf 86' lang='lat' dir='ltr'><strong>Augustinus,</strong></span> <span class='ocrx_word' id='word_1_91' title='bbox 306 687 342 724; x_wconf 79' lang='lat' dir='ltr'><strong>Pax</strong></span> <span class='ocrx_word' id='word_1_92' title='bbox 356 696 382 724; x_wconf 90' lang='lat' dir='ltr'><strong>est</strong></span> <span class='ocrx_word' id='word_1_93' title='bbox 396 687 481 724; x_wconf 82' lang='lat' dir='ltr'><strong>serenitas</strong></span> <span class='ocrx_word' id='word_1_94' title='bbox 494 688 567 732; x_wconf 86' lang='lat' dir='ltr'><strong>tuentis,</strong></span> <span class='ocrx_word' id='word_1_95' title='bbox 581 685 699 735; x_wconf 86' lang='lat' dir='ltr'><strong>tranquillitas</strong></span> <span class='ocrx_word' id='word_1_96' title='bbox 716 687 778 733; x_wconf 85' lang='lat' dir='ltr'><strong>animi,</strong></span> <span class='ocrx_word' id='word_1_97' title='bbox 792 687 834 723; x_wconf 91' lang='lat' dir='ltr'><strong>sim-</strong></span> <span class='ocrx_word' id='word_1_98' title='bbox 872 708 908 734; x_wconf 74' lang='lat' dir='ltr'><strong>p„„</strong></span> <span class='ocrx_word' id='word_1_99' title='bbox 921 716 943 735; x_wconf 60' lang='lat' dir='ltr'><strong>e„</strong></span> 
     </span>
     <span class='ocr_line' id='line_1_11' title="bbox 97 742 912 798; baseline -0.004 -12"><span class='ocrx_word' id='word_1_100' title='bbox 97 748 167 798; x_wconf 91' lang='lat' dir='ltr'><strong>plicitas</strong></span> <span class='ocrx_word' id='word_1_101' title='bbox 181 748 248 793; x_wconf 88' lang='lat' dir='ltr'><strong>cordis,</strong></span> <span class='ocrx_word' id='word_1_102' title='bbox 262 745 356 784; x_wconf 87' lang='lat' dir='ltr'><strong>vinculum</strong></span> <span class='ocrx_word' id='word_1_103' title='bbox 369 747 442 790; x_wconf 78' lang='lat' dir='ltr'><strong>aratoris,</strong></span> <span class='ocrx_word' id='word_1_104' title='bbox 457 747 569 783; x_wconf 90' lang='lat' dir='ltr'><strong>consortium</strong></span> <span class='ocrx_word' id='word_1_105' title='bbox 582 746 678 783; x_wconf 85' lang='lat' dir='ltr'><strong>charitatis.</strong></span> <span class='ocrx_word' id='word_1_106' title='bbox 687 747 735 783; x_wconf 92' lang='lat' dir='ltr'><strong>Haec</strong></span> <span class='ocrx_word' id='word_1_107' title='bbox 748 742 779 791; x_wconf 81' lang='lat' dir='ltr'><strong>est,</strong></span> <span class='ocrx_word' id='word_1_108' title='bbox 790 759 834 796; x_wconf 84' lang='lat' dir='ltr'><strong>quae</strong></span> <span class='ocrx_word' id='word_1_109' title='bbox 855 743 912 769; x_wconf 71' lang='lat' dir='ltr'><strong>canaan.</strong></span> 
     </span>
     <span class='ocr_line' id='line_1_12' title="bbox 97 805 834 855; baseline -0.004 -9"><span class='ocrx_word' id='word_1_110' title='bbox 97 808 206 851; x_wconf 81' lang='lat' dir='ltr'><strong>inimicitias,</strong></span> <span class='ocrx_word' id='word_1_111' title='bbox 217 817 233 843; x_wconf 92' lang='lat' dir='ltr'><strong>et</strong></span> <span class='ocrx_word' id='word_1_112' title='bbox 242 806 343 843; x_wconf 83' lang='lat' dir='ltr'><strong>simultates</strong></span> <span class='ocrx_word' id='word_1_113' title='bbox 352 805 406 852; x_wconf 85' lang='lat' dir='ltr'><strong>tollit,</strong></span> <span class='ocrx_word' id='word_1_114' title='bbox 416 805 461 843; x_wconf 90' lang='lat' dir='ltr'><strong>bella</strong></span> <span class='ocrx_word' id='word_1_115' title='bbox 470 806 575 854; x_wconf 87' lang='lat' dir='ltr'><strong>compescit,</strong></span> <span class='ocrx_word' id='word_1_116' title='bbox 586 806 619 842; x_wconf 92' lang='lat' dir='ltr'><strong>iras</strong></span> <span class='ocrx_word' id='word_1_117' title='bbox 630 806 739 855; x_wconf 84' lang='lat' dir='ltr'><strong>comprimit,</strong></span> <span class='ocrx_word' id='word_1_118' title='bbox 748 805 834 855; x_wconf 88' lang='lat' dir='ltr'><strong>superbos</strong></span> 
     </span>
    </p>

    <p class='ocr_par' dir='ltr' id='par_1_9' title="bbox 98 863 835 914">
     <span class='ocr_line' id='line_1_13' title="bbox 98 863 835 914; baseline -0.003 -11"><span class='ocrx_word' id='word_1_119' title='bbox 98 867 160 914; x_wconf 84' lang='lat' dir='ltr'><strong>calcat,</strong></span> <span class='ocrx_word' id='word_1_120' title='bbox 173 865 251 902; x_wconf 86' lang='lat' dir='ltr'><strong>humiles</strong></span> <span class='ocrx_word' id='word_1_121' title='bbox 265 874 318 910; x_wconf 84' lang='lat' dir='ltr'><strong>amat,</strong></span> <span class='ocrx_word' id='word_1_122' title='bbox 333 864 423 901; x_wconf 84' lang='lat' dir='ltr'><strong>discordes</strong></span> <span class='ocrx_word' id='word_1_123' title='bbox 440 863 495 908; x_wconf 91' lang='lat' dir='ltr'><strong>sedat,</strong></span> <span class='ocrx_word' id='word_1_124' title='bbox 509 865 592 901; x_wconf 87' lang='lat' dir='ltr'><strong>inimicos</strong></span> <span class='ocrx_word' id='word_1_125' title='bbox 610 864 712 910; x_wconf 86' lang='lat' dir='ltr'><strong>concordat,</strong></span> <span class='ocrx_word' id='word_1_126' title='bbox 727 866 795 901; x_wconf 89' lang='lat' dir='ltr'><strong>cunctis</strong></span> <span class='ocrx_word' id='word_1_127' title='bbox 808 874 835 901; x_wconf 91' lang='lat' dir='ltr'><strong>est</strong></span> 
     </span>
    </p>

    <p class='ocr_par' dir='ltr' id='par_1_10' title="bbox 97 923 835 976">
     <span class='ocr_line' id='line_1_14' title="bbox 97 923 835 976; baseline -0.004 -13"><span class='ocrx_word' id='word_1_128' title='bbox 97 927 173 976; x_wconf 86' lang='lat' dir='ltr'><strong>placida,</strong></span> <span class='ocrx_word' id='word_1_129' title='bbox 188 925 233 962; x_wconf 90' lang='lat' dir='ltr'><strong>nulli</strong></span> <span class='ocrx_word' id='word_1_130' title='bbox 245 925 310 974; x_wconf 82' lang='lat' dir='ltr'><strong>graviS,</strong></span> <span class='ocrx_word' id='word_1_131' title='bbox 324 924 369 961; x_wconf 90' lang='grc'><strong>111111</strong></span> <span class='ocrx_word' id='word_1_132' title='bbox 382 924 464 967; x_wconf 87' lang='lat' dir='ltr'><strong>molesta,</strong></span> <span class='ocrx_word' id='word_1_133' title='bbox 478 923 523 960; x_wconf 94' lang='lat' dir='ltr'><strong>nulli</strong></span> <span class='ocrx_word' id='word_1_134' title='bbox 535 936 618 970; x_wconf 81' lang='lat' dir='ltr'><strong>onerosa,</strong></span> <span class='ocrx_word' id='word_1_135' title='bbox 627 924 683 960; x_wconf 88' lang='lat' dir='ltr'><strong>nescit</strong></span> <span class='ocrx_word' id='word_1_136' title='bbox 696 923 764 970; x_wconf 81' lang='lat' dir='ltr'><strong>extolli,</strong></span> <span class='ocrx_word' id='word_1_137' title='bbox 778 925 835 961; x_wconf 88' lang='lat' dir='ltr'><strong>nescit</strong></span> 
     </span>
    </p>

    <p class='ocr_par' dir='ltr' id='par_1_11' title="bbox 98 981 835 1032">
     <span class='ocr_line' id='line_1_15' title="bbox 98 981 835 1032; baseline -0.007 -9"><span class='ocrx_word' id='word_1_138' title='bbox 98 985 162 1023; x_wconf 89' lang='lat' dir='ltr'><strong>inflari.</strong></span> <span class='ocrx_word' id='word_1_139' title='bbox 175 986 232 1029; x_wconf 87' lang='lat' dir='ltr'><strong>Hanc,</strong></span> <span class='ocrx_word' id='word_1_140' title='bbox 246 984 276 1032; x_wconf 91' lang='lat' dir='ltr'><strong>qui</strong></span> <span class='ocrx_word' id='word_1_141' title='bbox 289 983 359 1031; x_wconf 80' lang='lat' dir='ltr'><strong>accipit,</strong></span> <span class='ocrx_word' id='word_1_142' title='bbox 372 991 438 1028; x_wconf 87' lang='lat' dir='ltr'><strong>teneat,</strong></span> <span class='ocrx_word' id='word_1_143' title='bbox 453 983 484 1031; x_wconf 91' lang='lat' dir='ltr'><strong>qni</strong></span> <span class='ocrx_word' id='word_1_144' title='bbox 497 981 579 1032; x_wconf 82' lang='lat' dir='ltr'><strong>perdidit,</strong></span> <span class='ocrx_word' id='word_1_145' title='bbox 593 991 668 1031; x_wconf 81' lang='lat' dir='ltr'><strong>repetat,</strong></span> <span class='ocrx_word' id='word_1_146' title='bbox 682 983 712 1031; x_wconf 86' lang='lat' dir='ltr'><strong>qui</strong></span> <span class='ocrx_word' id='word_1_147' title='bbox 728 984 792 1027; x_wconf 91' lang='lat' dir='ltr'><strong>amisit,</strong></span> <span class='ocrx_word' id='word_1_148' title='bbox 806 995 835 1019; x_wconf 82' lang='grc'><strong>01-</strong></span> 
     </span>
    </p>

    <p class='ocr_par' dir='ltr' id='par_1_12' title="bbox 98 1041 835 1096">
     <span class='ocr_line' id='line_1_16' title="bbox 98 1041 835 1096; baseline -0.004 -14"><span class='ocrx_word' id='word_1_149' title='bbox 98 1046 164 1096; x_wconf 87' lang='lat' dir='ltr'><strong>quirat:</strong></span> <span class='ocrx_word' id='word_1_150' title='bbox 178 1045 264 1094; x_wconf 88' lang='lat' dir='ltr'><strong>quoniatn</strong></span> <span class='ocrx_word' id='word_1_151' title='bbox 277 1044 308 1092; x_wconf 92' lang='lat' dir='ltr'><strong>qui</strong></span> <span class='ocrx_word' id='word_1_152' title='bbox 322 1042 340 1078; x_wconf 93' lang='lat' dir='ltr'><strong>in</strong></span> <span class='ocrx_word' id='word_1_153' title='bbox 354 1042 415 1078; x_wconf 91' lang='lat' dir='ltr'><strong>eadem</strong></span> <span class='ocrx_word' id='word_1_154' title='bbox 429 1043 511 1078; x_wconf 89' lang='lat' dir='ltr'><strong>inventus</strong></span> <span class='ocrx_word' id='word_1_155' title='bbox 528 1054 565 1078; x_wconf 89' lang='lat' dir='ltr'><strong>non</strong></span> <span class='ocrx_word' id='word_1_156' title='bbox 581 1041 639 1085; x_wconf 84' lang='lat' dir='ltr'><strong>fuerit,</strong></span> <span class='ocrx_word' id='word_1_157' title='bbox 654 1052 725 1090; x_wconf 88' lang='lat' dir='ltr'><strong>aparte</strong></span> <span class='ocrx_word' id='word_1_158' title='bbox 739 1041 835 1089; x_wconf 89' lang='lat' dir='ltr'><strong>abdicatur,</strong></span> 
     </span>
    </p>

    <p class='ocr_par' dir='ltr' id='par_1_13' title="bbox 98 1101 835 1149">
     <span class='ocr_line' id='line_1_17' title="bbox 98 1101 835 1149; baseline -0.005 -7"><span class='ocrx_word' id='word_1_159' title='bbox 98 1119 107 1142; x_wconf 85' lang='lat' dir='ltr'><strong>a</strong></span> <span class='ocrx_word' id='word_1_160' title='bbox 120 1104 158 1142; x_wconf 93' lang='lat' dir='ltr'><strong>filio</strong></span> <span class='ocrx_word' id='word_1_161' title='bbox 172 1102 309 1148; x_wconf 78' lang='lat' dir='ltr'><strong>exhaeredatur,</strong></span> <span class='ocrx_word' id='word_1_162' title='bbox 324 1112 341 1139; x_wconf 91' lang='lat' dir='ltr'><strong>et</strong></span> <span class='ocrx_word' id='word_1_163' title='bbox 354 1102 472 1139; x_wconf 89' lang='lat' dir='ltr'><strong>nihilominus</strong></span> <span class='ocrx_word' id='word_1_164' title='bbox 486 1114 495 1137; x_wconf 93' lang='lat' dir='ltr'><strong>a</strong></span> <span class='ocrx_word' id='word_1_165' title='bbox 508 1101 575 1149; x_wconf 87' lang='lat' dir='ltr'><strong>Spiritu</strong></span> <span class='ocrx_word' id='word_1_166' title='bbox 591 1101 655 1138; x_wconf 88' lang='lat' dir='ltr'><strong>Sancto</strong></span> <span class='ocrx_word' id='word_1_167' title='bbox 671 1102 737 1138; x_wconf 88' lang='lat' dir='ltr'><strong>alienus</strong></span> <span class='ocrx_word' id='word_1_168' title='bbox 755 1101 835 1139; x_wconf 90' lang='lat' dir='ltr'><strong>efficitur.</strong></span> 
     </span>
    </p>

    <p class='ocr_par' dir='ltr' id='par_1_14' title="bbox 98 1162 835 1213">
     <span class='ocr_line' id='line_1_18' title="bbox 98 1162 835 1213; baseline -0.004 -11"><span class='ocrx_word' id='word_1_169' title='bbox 98 1164 126 1202; x_wconf 86' lang='lat' dir='ltr'><strong>Ad</strong></span> <span class='ocrx_word' id='word_1_170' title='bbox 139 1163 269 1200; x_wconf 88' lang='lat' dir='ltr'><strong>haereditatem</strong></span> <span class='ocrx_word' id='word_1_171' title='bbox 282 1162 358 1199; x_wconf 88' lang='lat' dir='ltr'><strong>Domini</strong></span> <span class='ocrx_word' id='word_1_172' title='bbox 371 1174 470 1213; x_wconf 81' lang='lat' dir='ltr'><strong>numquam</strong></span> <span class='ocrx_word' id='word_1_173' title='bbox 483 1172 542 1210; x_wconf 90' lang='lat' dir='ltr'><strong>potest</strong></span> <span class='ocrx_word' id='word_1_174' title='bbox 558 1162 647 1208; x_wconf 84' lang='lat' dir='ltr'><strong>accedere,</strong></span> <span class='ocrx_word' id='word_1_175' title='bbox 661 1163 691 1211; x_wconf 85' lang='lat' dir='ltr'><strong>qui</strong></span> <span class='ocrx_word' id='word_1_176' title='bbox 708 1172 835 1200; x_wconf 89' lang='lat' dir='ltr'><strong>testamentum</strong></span> 
     </span>
    </p>

    <p class='ocr_par' dir='ltr' id='par_1_15' title="bbox 97 1219 919 1330">
     <span class='ocr_line' id='line_1_19' title="bbox 98 1219 919 1279; baseline -0.001 -20"><span class='ocrx_word' id='word_1_177' title='bbox 98 1224 149 1272; x_wconf 90' lang='lat' dir='ltr'><strong>pacis</strong></span> <span class='ocrx_word' id='word_1_178' title='bbox 155 1222 214 1259; x_wconf 91' lang='lat' dir='ltr'><strong>noluit</strong></span> <span class='ocrx_word' id='word_1_179' title='bbox 224 1220 324 1258; x_wconf 90' lang='lat' dir='ltr'><strong>observare.</strong></span> <span class='ocrx_word' id='word_1_180' title='bbox 333 1222 391 1273; x_wconf 84' lang='lat' dir='ltr'><strong>Locus</strong></span> <span class='ocrx_word' id='word_1_181' title='bbox 401 1222 449 1257; x_wconf 91' lang='lat' dir='ltr'><strong>enim</strong></span> <span class='ocrx_word' id='word_1_182' title='bbox 459 1221 492 1257; x_wconf 92' lang='lat' dir='ltr'><strong>Dei</strong></span> <span class='ocrx_word' id='word_1_183' title='bbox 504 1222 522 1258; x_wconf 91' lang='lat' dir='ltr'><strong>in</strong></span> <span class='ocrx_word' id='word_1_184' title='bbox 530 1233 573 1269; x_wconf 90' lang='lat' dir='ltr'><strong>pace</strong></span> <span class='ocrx_word' id='word_1_185' title='bbox 582 1230 614 1267; x_wconf 92' lang='lat' dir='ltr'><strong>est,</strong></span> <span class='ocrx_word' id='word_1_186' title='bbox 624 1219 689 1258; x_wconf 86' lang='lat' dir='ltr'><strong>diaboli</strong></span> <span class='ocrx_word' id='word_1_187' title='bbox 698 1232 757 1258; x_wconf 88' lang='lat' dir='ltr'><strong>aurem</strong></span> <span class='ocrx_word' id='word_1_188' title='bbox 766 1222 835 1259; x_wconf 88' lang='lat' dir='ltr'><strong>mansio</strong></span> <span class='ocrx_word' id='word_1_189' title='bbox 855 1244 890 1270; x_wconf 33' lang='lat' dir='ltr'><strong>PM,-</strong></span> <span class='ocrx_word' id='word_1_190' title='bbox 899 1251 919 1279; x_wconf 62' lang='lat'><strong>751</strong></span> 
     </span>
     <span class='ocr_line' id='line_1_20' title="bbox 97 1279 835 1330; baseline 0 -12"><span class='ocrx_word' id='word_1_191' title='bbox 97 1284 116 1319; x_wconf 89' lang='lat' dir='ltr'><strong>in</strong></span> <span class='ocrx_word' id='word_1_192' title='bbox 128 1282 161 1328; x_wconf 87' lang='lat' dir='ltr'><strong>ira,</strong></span> <span class='ocrx_word' id='word_1_193' title='bbox 174 1290 191 1318; x_wconf 90' lang='lat' dir='ltr'><strong>et</strong></span> <span class='ocrx_word' id='word_1_194' title='bbox 204 1279 344 1329; x_wconf 86' lang='lat' dir='ltr'><strong>perturbatione.</strong></span> <span class='ocrx_word' id='word_1_195' title='bbox 358 1280 424 1317; x_wconf 91' lang='lat' dir='ltr'><strong>Omnis</strong></span> <span class='ocrx_word' id='word_1_196' title='bbox 438 1281 497 1329; x_wconf 89' lang='lat' dir='ltr'><strong>itaque</strong></span> <span class='ocrx_word' id='word_1_197' title='bbox 510 1281 572 1326; x_wconf 87' lang='grc'><strong>1101110,</strong></span> <span class='ocrx_word' id='word_1_198' title='bbox 582 1281 612 1330; x_wconf 91' lang='lat' dir='ltr'><strong>qui</strong></span> <span class='ocrx_word' id='word_1_199' title='bbox 621 1280 666 1317; x_wconf 89' lang='lat' dir='ltr'><strong>banc</strong></span> <span class='ocrx_word' id='word_1_200' title='bbox 675 1281 764 1330; x_wconf 87' lang='lat' dir='ltr'><strong>triplicem</strong></span> <span class='ocrx_word' id='word_1_201' title='bbox 773 1294 835 1330; x_wconf 85' lang='lat' dir='ltr'><strong>pacem</strong></span> 
     </span>
    </p>

    <p class='ocr_par' dir='ltr' id='par_1_16' title="bbox 98 1339 884 1451">
     <span class='ocr_line' id='line_1_21' title="bbox 98 1339 884 1391; baseline -0.001 -12"><span class='ocrx_word' id='word_1_202' title='bbox 98 1343 116 1379; x_wconf 91' lang='lat' dir='ltr'><strong>in</strong></span> <span class='ocrx_word' id='word_1_203' title='bbox 130 1340 183 1378; x_wconf 89' lang='lat' dir='ltr'><strong>corde</strong></span> <span class='ocrx_word' id='word_1_204' title='bbox 200 1353 233 1386; x_wconf 86' lang='lat' dir='ltr'><strong>sup</strong></span> <span class='ocrx_word' id='word_1_205' title='bbox 251 1352 288 1376; x_wconf 91' lang='lat' dir='ltr'><strong>non</strong></span> <span class='ocrx_word' id='word_1_206' title='bbox 305 1339 393 1385; x_wconf 84' lang='lat' dir='ltr'><strong>habuerit,</strong></span> <span class='ocrx_word' id='word_1_207' title='bbox 406 1340 437 1389; x_wconf 92' lang='lat' dir='ltr'><strong>qui</strong></span> <span class='ocrx_word' id='word_1_208' title='bbox 450 1352 490 1375; x_wconf 87' lang='lat' dir='ltr'><strong>eam</strong></span> <span class='ocrx_word' id='word_1_209' title='bbox 508 1340 526 1376; x_wconf 87' lang='lat' dir='ltr'><strong>in</strong></span> <span class='ocrx_word' id='word_1_210' title='bbox 542 1352 572 1376; x_wconf 88' lang='lat' dir='ltr'><strong>ore</strong></span> <span class='ocrx_word' id='word_1_211' title='bbox 590 1353 627 1377; x_wconf 88' lang='lat' dir='ltr'><strong>non</strong></span> <span class='ocrx_word' id='word_1_212' title='bbox 644 1342 758 1389; x_wconf 87' lang='lat' dir='ltr'><strong>praestiterit,</strong></span> <span class='ocrx_word' id='word_1_213' title='bbox 771 1354 804 1377; x_wconf 87' lang='lat' dir='ltr'><strong>nec</strong></span> <span class='ocrx_word' id='word_1_214' title='bbox 817 1341 836 1378; x_wconf 90' lang='lat' dir='ltr'><strong>in</strong></span> <span class='ocrx_word' id='word_1_215' title='bbox 852 1388 854 1391; x_wconf 27' lang='grc' dir='ltr'>Ι</span> <span class='ocrx_word' id='word_1_216' title='bbox 883 1388 884 1391; x_wconf 12' lang='lat'>¹</span> 
     </span>
     <span class='ocr_line' id='line_1_22' title="bbox 99 1399 835 1451; baseline 0 -13"><span class='ocrx_word' id='word_1_217' title='bbox 99 1401 183 1451; x_wconf 90' lang='lat' dir='ltr'><strong>operibus</strong></span> <span class='ocrx_word' id='word_1_218' title='bbox 197 1400 300 1443; x_wconf 90' lang='lat' dir='ltr'><strong>ostenderit,</strong></span> <span class='ocrx_word' id='word_1_219' title='bbox 313 1412 347 1435; x_wconf 91' lang='lat' dir='ltr'><strong>nec</strong></span> <span class='ocrx_word' id='word_1_220' title='bbox 361 1399 460 1436; x_wconf 86' lang='lat' dir='ltr'><strong>Monachus</strong></span> <span class='ocrx_word' id='word_1_221' title='bbox 473 1409 500 1436; x_wconf 90' lang='lat' dir='ltr'><strong>est</strong></span> <span class='ocrx_word' id='word_1_222' title='bbox 514 1399 604 1445; x_wconf 88' lang='lat' dir='ltr'><strong>dicendus,</strong></span> <span class='ocrx_word' id='word_1_223' title='bbox 618 1413 651 1436; x_wconf 91' lang='lat' dir='ltr'><strong>nec</strong></span> <span class='ocrx_word' id='word_1_224' title='bbox 661 1400 778 1439; x_wconf 82' lang='lat' dir='ltr'><strong>Christianus.</strong></span> <span class='ocrx_word' id='word_1_225' title='bbox 788 1402 835 1438; x_wconf 88' lang='lat' dir='ltr'><strong>Hinc</strong></span> 
     </span>
    </p>

    <p class='ocr_par' dir='ltr' id='par_1_17' title="bbox 98 1454 913 1567">
     <span class='ocr_line' id='line_1_23' title="bbox 98 1454 913 1511; baseline 0.001 -14"><span class='ocrx_word' id='word_1_226' title='bbox 98 1461 140 1497; x_wconf 93' lang='lat' dir='ltr'><strong>dicit</strong></span> <span class='ocrx_word' id='word_1_227' title='bbox 153 1461 172 1497; x_wconf 90' lang='lat' dir='ltr'><strong>in</strong></span> <span class='ocrx_word' id='word_1_228' title='bbox 185 1459 283 1508; x_wconf 87' lang='lat' dir='ltr'><strong>Evangelio</strong></span> <span class='ocrx_word' id='word_1_229' title='bbox 292 1459 388 1502; x_wconf 84' lang='lat' dir='ltr'><strong>Dominus,</strong></span> <span class='ocrx_word' id='word_1_230' title='bbox 397 1458 447 1495; x_wconf 84' lang='lat' dir='ltr'><strong>Beati</strong></span> <span class='ocrx_word' id='word_1_231' title='bbox 460 1459 534 1508; x_wconf 89' lang='lat' dir='ltr'><strong>pacifici,</strong></span> <span class='ocrx_word' id='word_1_232' title='bbox 543 1461 628 1508; x_wconf 87' lang='lat' dir='ltr'><strong>quoniam</strong></span> <span class='ocrx_word' id='word_1_233' title='bbox 637 1459 669 1496; x_wconf 89' lang='lat' dir='ltr'><strong>filli</strong></span> <span class='ocrx_word' id='word_1_234' title='bbox 677 1461 710 1498; x_wconf 90' lang='lat' dir='ltr'><strong>Dei</strong></span> <span class='ocrx_word' id='word_1_235' title='bbox 719 1460 834 1498; x_wconf 88' lang='lat' dir='ltr'><strong>vocabuntur.</strong></span> <span class='ocrx_word' id='word_1_236' title='bbox 853 1454 892 1504; x_wconf 60' lang='lat' dir='ltr'><strong>aaa„</strong></span> <span class='ocrx_word' id='word_1_237' title='bbox 903 1485 913 1511; x_wconf 80' lang='lat' dir='ltr'><strong>t·</strong></span> 
     </span>
     <span class='ocr_line' id='line_1_24' title="bbox 98 1518 834 1567; baseline 0.001 -10"><span class='ocrx_word' id='word_1_238' title='bbox 98 1521 116 1557; x_wconf 87' lang='lat' dir='ltr'><strong>Si</strong></span> <span class='ocrx_word' id='word_1_239' title='bbox 129 1521 164 1557; x_wconf 87' lang='lat' dir='ltr'><strong>Dei</strong></span> <span class='ocrx_word' id='word_1_240' title='bbox 176 1528 264 1556; x_wconf 88' lang='lat' dir='ltr'><strong>vocantur</strong></span> <span class='ocrx_word' id='word_1_241' title='bbox 273 1518 319 1564; x_wconf 86' lang='lat' dir='ltr'><strong>Filii,</strong></span> <span class='ocrx_word' id='word_1_242' title='bbox 329 1519 360 1567; x_wconf 92' lang='lat' dir='ltr'><strong>qui</strong></span> <span class='ocrx_word' id='word_1_243' title='bbox 372 1530 436 1566; x_wconf 85' lang='lat' dir='ltr'><strong>pacem</strong></span> <span class='ocrx_word' id='word_1_244' title='bbox 445 1518 518 1565; x_wconf 82' lang='lat' dir='ltr'><strong>faciunt,</strong></span> <span class='ocrx_word' id='word_1_245' title='bbox 528 1518 647 1567; x_wconf 84' lang='lat' dir='ltr'><strong>proculdubio</strong></span> <span class='ocrx_word' id='word_1_246' title='bbox 656 1519 728 1557; x_wconf 85' lang='lat' dir='ltr'><strong>Satanae</strong></span> <span class='ocrx_word' id='word_1_247' title='bbox 742 1531 784 1557; x_wconf 90' lang='lat' dir='ltr'><strong>sunt</strong></span> <span class='ocrx_word' id='word_1_248' title='bbox 796 1520 834 1565; x_wconf 91' lang='lat' dir='ltr'><strong>filii,</strong></span> 
     </span>
    </p>

    <p class='ocr_par' dir='ltr' id='par_1_18' title="bbox 97 1577 835 1630">
     <span class='ocr_line' id='line_1_25' title="bbox 97 1577 835 1630; baseline 0 -13"><span class='ocrx_word' id='word_1_249' title='bbox 97 1581 127 1630; x_wconf 89' lang='lat' dir='ltr'><strong>qui</strong></span> <span class='ocrx_word' id='word_1_250' title='bbox 140 1593 204 1629; x_wconf 89' lang='lat' dir='ltr'><strong>pacem</strong></span> <span class='ocrx_word' id='word_1_251' title='bbox 217 1578 336 1616; x_wconf 80' lang='lat' dir='ltr'><strong>contundunt.</strong></span> <span class='ocrx_word' id='word_1_252' title='bbox 351 1577 402 1614; x_wconf 84' lang='lat' dir='ltr'><strong>Unde</strong></span> <span class='ocrx_word' id='word_1_253' title='bbox 419 1577 482 1615; x_wconf 81' lang='lat' dir='ltr'><strong>fratres</strong></span> <span class='ocrx_word' id='word_1_254' title='bbox 495 1581 531 1615; x_wconf 89' lang='lat' dir='ltr'><strong>mei</strong></span> <span class='ocrx_word' id='word_1_255' title='bbox 545 1579 645 1616; x_wconf 84' lang='lat' dir='ltr'><strong>charissimi</strong></span> <span class='ocrx_word' id='word_1_256' title='bbox 662 1579 725 1617; x_wconf 86' lang='lat' dir='ltr'><strong>habete</strong></span> <span class='ocrx_word' id='word_1_257' title='bbox 743 1581 789 1619; x_wconf 84' lang='lat' dir='ltr'><strong>inter</strong></span> <span class='ocrx_word' id='word_1_258' title='bbox 802 1593 835 1618; x_wconf 90' lang='lat' dir='ltr'><strong>vos</strong></span> 
     </span>
    </p>

    <p class='ocr_par' dir='ltr' id='par_1_19' title="bbox 98 1634 834 1690">
     <span class='ocr_line' id='line_1_26' title="bbox 98 1634 834 1690; baseline 0.001 -14"><span class='ocrx_word' id='word_1_259' title='bbox 98 1652 161 1690; x_wconf 85' lang='lat' dir='ltr'><strong>pacem</strong></span> <span class='ocrx_word' id='word_1_260' title='bbox 173 1639 228 1682; x_wconf 88' lang='lat' dir='ltr'><strong>illam,</strong></span> <span class='ocrx_word' id='word_1_261' title='bbox 239 1651 293 1688; x_wconf 90' lang='lat' dir='ltr'><strong>quam</strong></span> <span class='ocrx_word' id='word_1_262' title='bbox 306 1637 385 1674; x_wconf 89' lang='lat' dir='ltr'><strong>mundus</strong></span> <span class='ocrx_word' id='word_1_263' title='bbox 399 1636 440 1674; x_wconf 92' lang='lat' dir='ltr'><strong>dare</strong></span> <span class='ocrx_word' id='word_1_264' title='bbox 453 1650 490 1674; x_wconf 89' lang='lat' dir='ltr'><strong>non</strong></span> <span class='ocrx_word' id='word_1_265' title='bbox 502 1647 568 1687; x_wconf 90' lang='lat' dir='ltr'><strong>potest,</strong></span> <span class='ocrx_word' id='word_1_266' title='bbox 578 1652 623 1688; x_wconf 90' lang='lat' dir='ltr'><strong>quae</strong></span> <span class='ocrx_word' id='word_1_267' title='bbox 637 1648 663 1675; x_wconf 90' lang='lat' dir='ltr'><strong>est</strong></span> <span class='ocrx_word' id='word_1_268' title='bbox 676 1652 710 1689; x_wconf 82' lang='lat' dir='ltr'><strong>pax</strong></span> <span class='ocrx_word' id='word_1_269' title='bbox 718 1634 758 1686; x_wconf 87' lang='lat' dir='ltr'><strong>Dei,</strong></span> <span class='ocrx_word' id='word_1_270' title='bbox 771 1650 788 1677; x_wconf 91' lang='lat' dir='ltr'><strong>et</strong></span> <span class='ocrx_word' id='word_1_271' title='bbox 797 1641 834 1677; x_wconf 91' lang='lat' dir='ltr'><strong>Do·</strong></span> 
     </span>
    </p>

    <p class='ocr_par' dir='ltr' id='par_1_20' title="bbox 97 1697 938 2410">
     <span class='ocr_line' id='line_1_27' title="bbox 98 1697 915 1750; baseline 0.001 -14"><span class='ocrx_word' id='word_1_272' title='bbox 98 1700 143 1736; x_wconf 87' lang='lat' dir='ltr'><strong>mini</strong></span> <span class='ocrx_word' id='word_1_273' title='bbox 155 1700 213 1736; x_wconf 86' lang='lat' dir='ltr'><strong>nostri</strong></span> <span class='ocrx_word' id='word_1_274' title='bbox 226 1699 266 1735; x_wconf 88' lang='lat' dir='ltr'><strong>Iesu</strong></span> <span class='ocrx_word' id='word_1_275' title='bbox 280 1698 353 1742; x_wconf 82' lang='lat' dir='ltr'><strong>Christi,</strong></span> <span class='ocrx_word' id='word_1_276' title='bbox 367 1698 388 1734; x_wconf 94' lang='lat' dir='ltr'><strong>de</strong></span> <span class='ocrx_word' id='word_1_277' title='bbox 402 1710 437 1748; x_wconf 88' lang='lat' dir='ltr'><strong>qua</strong></span> <span class='ocrx_word' id='word_1_278' title='bbox 446 1697 489 1735; x_wconf 85' lang='lat' dir='ltr'><strong>dixit</strong></span> <span class='ocrx_word' id='word_1_279' title='bbox 498 1699 558 1735; x_wconf 82' lang='lat' dir='ltr'><strong>Esaias</strong></span> <span class='ocrx_word' id='word_1_280' title='bbox 567 1700 661 1748; x_wconf 86' lang='lat' dir='ltr'><strong>Propheta:</strong></span> <span class='ocrx_word' id='word_1_281' title='bbox 671 1701 692 1737; x_wconf 86' lang='lat' dir='ltr'><strong>Et</strong></span> <span class='ocrx_word' id='word_1_282' title='bbox 705 1702 737 1737; x_wconf 87' lang='lat' dir='ltr'><strong>erit</strong></span> <span class='ocrx_word' id='word_1_283' title='bbox 750 1713 795 1750; x_wconf 90' lang='lat' dir='ltr'><strong>opus</strong></span> <span class='ocrx_word' id='word_1_284' title='bbox 808 1701 834 1737; x_wconf 93' lang='lat' dir='ltr'><strong>iu·</strong></span> <span class='ocrx_word' id='word_1_285' title='bbox 855 1722 885 1748; x_wconf 72' lang='lat' dir='ltr'><strong>usa.</strong></span> <span class='ocrx_word' id='word_1_286' title='bbox 896 1730 915 1747; x_wconf 58' lang='grc' dir='ltr'><strong>Π,</strong></span> 
     </span>
     <span class='ocr_line' id='line_1_28' title="bbox 98 1758 938 1809; baseline 0.001 -13"><span class='ocrx_word' id='word_1_287' title='bbox 98 1761 156 1796; x_wconf 84' lang='lat' dir='ltr'><strong>stitiae</strong></span> <span class='ocrx_word' id='word_1_288' title='bbox 169 1771 210 1808; x_wconf 82' lang='lat' dir='ltr'><strong>pax,</strong></span> <span class='ocrx_word' id='word_1_289' title='bbox 225 1768 242 1795; x_wconf 93' lang='lat' dir='ltr'><strong>et</strong></span> <span class='ocrx_word' id='word_1_290' title='bbox 256 1758 314 1795; x_wconf 87' lang='lat' dir='ltr'><strong>cultus</strong></span> <span class='ocrx_word' id='word_1_291' title='bbox 332 1758 409 1795; x_wconf 90' lang='lat' dir='ltr'><strong>iustitiae</strong></span> <span class='ocrx_word' id='word_1_292' title='bbox 426 1758 524 1805; x_wconf 88' lang='lat' dir='ltr'><strong>silentium,</strong></span> <span class='ocrx_word' id='word_1_293' title='bbox 537 1768 554 1795; x_wconf 92' lang='lat' dir='ltr'><strong>et</strong></span> <span class='ocrx_word' id='word_1_294' title='bbox 567 1761 652 1796; x_wconf 89' lang='lat' dir='ltr'><strong>securitas</strong></span> <span class='ocrx_word' id='word_1_295' title='bbox 669 1773 725 1809; x_wconf 88' lang='lat' dir='ltr'><strong>usque</strong></span> <span class='ocrx_word' id='word_1_296' title='bbox 738 1761 756 1796; x_wconf 91' lang='lat' dir='ltr'><strong>in</strong></span> <span class='ocrx_word' id='word_1_297' title='bbox 769 1761 834 1809; x_wconf 90' lang='lat' dir='ltr'><strong>sempi-</strong></span> <span class='ocrx_word' id='word_1_298' title='bbox 856 1779 867 1797; x_wconf 84' lang='lat'><strong>1.</strong></span> <span class='ocrx_word' id='word_1_299' title='bbox 877 1771 908 1797; x_wconf 77' lang='lat' dir='ltr'><strong>eor.</strong></span> <span class='ocrx_word' id='word_1_300' title='bbox 919 1778 938 1803; x_wconf 75' lang='lat' dir='ltr'><strong>tq.</strong></span> 
     </span>
     <span class='ocr_line' id='line_1_29' title="bbox 98 1818 938 1870; baseline 0.001 -14"><span class='ocrx_word' id='word_1_301' title='bbox 98 1829 176 1858; x_wconf 86' lang='lat' dir='ltr'><strong>ternum.</strong></span> <span class='ocrx_word' id='word_1_302' title='bbox 187 1819 235 1855; x_wconf 88' lang='lat' dir='ltr'><strong>Deus</strong></span> <span class='ocrx_word' id='word_1_303' title='bbox 249 1819 297 1855; x_wconf 87' lang='lat' dir='ltr'><strong>enim</strong></span> <span class='ocrx_word' id='word_1_304' title='bbox 309 1819 363 1866; x_wconf 87' lang='lat' dir='ltr'><strong>pacis,</strong></span> <span class='ocrx_word' id='word_1_305' title='bbox 378 1827 395 1854; x_wconf 86' lang='lat' dir='ltr'><strong>et</strong></span> <span class='ocrx_word' id='word_1_306' title='bbox 408 1818 508 1855; x_wconf 87' lang='lat' dir='ltr'><strong>dilectionis</strong></span> <span class='ocrx_word' id='word_1_307' title='bbox 522 1829 548 1855; x_wconf 87' lang='lat' dir='ltr'><strong>est</strong></span> <span class='ocrx_word' id='word_1_308' title='bbox 556 1819 657 1856; x_wconf 87' lang='lat' dir='ltr'><strong>Dominus:</strong></span> <span class='ocrx_word' id='word_1_309' title='bbox 671 1820 719 1857; x_wconf 90' lang='lat' dir='ltr'><strong>unde</strong></span> <span class='ocrx_word' id='word_1_310' title='bbox 727 1821 835 1870; x_wconf 86' lang='lat' dir='ltr'><strong>quicumque</strong></span> <span class='ocrx_word' id='word_1_311' title='bbox 851 1827 866 1853; x_wconf 34' lang='lat'><strong>⁴2·</strong></span> <span class='ocrx_word' id='word_1_312' title='bbox 877 1820 908 1846; x_wconf 79' lang='lat' dir='ltr'><strong>Cor.</strong></span> <span class='ocrx_word' id='word_1_313' title='bbox 918 1827 938 1853; x_wconf 77' lang='lat'><strong>13·</strong></span> 
     </span>
     <span class='ocr_line' id='line_1_30' title="bbox 98 1870 935 1927; baseline 0.002 -13"><span class='ocrx_word' id='word_1_314' title='bbox 98 1891 168 1927; x_wconf 87' lang='lat' dir='ltr'><strong>pacem,</strong></span> <span class='ocrx_word' id='word_1_315' title='bbox 183 1887 201 1913; x_wconf 91' lang='lat' dir='ltr'><strong>et</strong></span> <span class='ocrx_word' id='word_1_316' title='bbox 214 1877 311 1914; x_wconf 85' lang='lat' dir='ltr'><strong>fraternam</strong></span> <span class='ocrx_word' id='word_1_317' title='bbox 324 1877 440 1914; x_wconf 89' lang='lat' dir='ltr'><strong>dilectionem</strong></span> <span class='ocrx_word' id='word_1_318' title='bbox 450 1876 510 1922; x_wconf 92' lang='lat' dir='ltr'><strong>violat,</strong></span> <span class='ocrx_word' id='word_1_319' title='bbox 521 1878 569 1927; x_wconf 90' lang='lat' dir='ltr'><strong>quod</strong></span> <span class='ocrx_word' id='word_1_320' title='bbox 577 1890 629 1915; x_wconf 91' lang='lat' dir='ltr'><strong>verus</strong></span> <span class='ocrx_word' id='word_1_321' title='bbox 638 1879 673 1915; x_wconf 90' lang='lat' dir='ltr'><strong>Dei</strong></span> <span class='ocrx_word' id='word_1_322' title='bbox 681 1889 749 1916; x_wconf 91' lang='lat' dir='ltr'><strong>amator</strong></span> <span class='ocrx_word' id='word_1_323' title='bbox 761 1893 796 1917; x_wconf 93' lang='lat' dir='ltr'><strong>non</strong></span> <span class='ocrx_word' id='word_1_324' title='bbox 806 1881 834 1925; x_wconf 91' lang='lat' dir='ltr'><strong>sit,</strong></span> <span class='ocrx_word' id='word_1_325' title='bbox 856 1878 867 1896; x_wconf 77' lang='lat'><strong>¹·</strong></span> <span class='ocrx_word' id='word_1_326' title='bbox 874 1870 915 1896; x_wconf 58' lang='lat' dir='ltr'><strong>T&#39;m&#39;</strong></span> <span class='ocrx_word' id='word_1_327' title='bbox 924 1876 935 1903; x_wconf 78' lang='lat'><strong>⁵·</strong></span> 
     </span>
     <span class='ocr_line' id='line_1_31' title="bbox 98 1919 935 1987; baseline 0.005 -12"><span class='ocrx_word' id='word_1_328' title='bbox 98 1939 206 1976; x_wconf 80' lang='lat' dir='ltr'><strong>manifestat.</strong></span> <span class='ocrx_word' id='word_1_329' title='bbox 215 1938 234 1975; x_wconf 86' lang='lat' dir='ltr'><strong>Si</strong></span> <span class='ocrx_word' id='word_1_330' title='bbox 247 1951 282 1987; x_wconf 82' lang='lat' dir='ltr'><strong>par</strong></span> <span class='ocrx_word' id='word_1_331' title='bbox 291 1938 358 1975; x_wconf 85' lang='lat' dir='ltr'><strong>Christi</strong></span> <span class='ocrx_word' id='word_1_332' title='bbox 372 1951 413 1975; x_wconf 90' lang='lat' dir='ltr'><strong>vera</strong></span> <span class='ocrx_word' id='word_1_333' title='bbox 426 1939 444 1975; x_wconf 89' lang='lat' dir='ltr'><strong>in</strong></span> <span class='ocrx_word' id='word_1_334' title='bbox 458 1939 540 1976; x_wconf 89' lang='lat' dir='ltr'><strong>cordibus</strong></span> <span class='ocrx_word' id='word_1_335' title='bbox 549 1941 619 1985; x_wconf 88' lang='lat' dir='ltr'><strong>vestris,</strong></span> <span class='ocrx_word' id='word_1_336' title='bbox 629 1951 646 1976; x_wconf 91' lang='lat' dir='ltr'><strong>et</strong></span> <span class='ocrx_word' id='word_1_337' title='bbox 655 1941 703 1977; x_wconf 91' lang='lat' dir='ltr'><strong>nulla</strong></span> <span class='ocrx_word' id='word_1_338' title='bbox 711 1941 764 1978; x_wconf 89' lang='lat' dir='ltr'><strong>huius</strong></span> <span class='ocrx_word' id='word_1_339' title='bbox 773 1942 836 1979; x_wconf 89' lang='lat' dir='ltr'><strong>mundi</strong></span> <span class='ocrx_word' id='word_1_340' title='bbox 856 1928 867 1946; x_wconf 68' lang='lat'><strong>²&#39;</strong></span> <span class='ocrx_word' id='word_1_341' title='bbox 874 1919 915 1945; x_wconf 75' lang='lat' dir='ltr'><strong>Thes.</strong></span> <span class='ocrx_word' id='word_1_342' title='bbox 924 1927 935 1952; x_wconf 67' lang='lat'><strong>3&#39;</strong></span> 
     </span>
     <span class='ocr_line' id='line_1_32' title="bbox 97 1999 834 2052; baseline 0.004 -17"><span class='ocrx_word' id='word_1_343' title='bbox 97 1999 172 2035; x_wconf 85' lang='lat' dir='ltr'><strong>adversa</strong></span> <span class='ocrx_word' id='word_1_344' title='bbox 185 1999 312 2035; x_wconf 76' lang='lat' dir='ltr'><strong>formidabitis.</strong></span> <span class='ocrx_word' id='word_1_345' title='bbox 321 1999 369 2036; x_wconf 84' lang='lat' dir='ltr'><strong>later</strong></span> <span class='ocrx_word' id='word_1_346' title='bbox 382 2011 415 2035; x_wconf 93' lang='lat' dir='ltr'><strong>vos</strong></span> <span class='ocrx_word' id='word_1_347' title='bbox 426 1999 479 2035; x_wconf 86' lang='lat' dir='ltr'><strong>etiam</strong></span> <span class='ocrx_word' id='word_1_348' title='bbox 492 2001 515 2036; x_wconf 87' lang='lat' dir='ltr'><strong>sit</strong></span> <span class='ocrx_word' id='word_1_349' title='bbox 528 2011 616 2049; x_wconf 71' lang='lat' dir='ltr'><strong>paraverat,</strong></span> <span class='ocrx_word' id='word_1_350' title='bbox 627 2013 663 2037; x_wconf 93' lang='lat' dir='ltr'><strong>non</strong></span> <span class='ocrx_word' id='word_1_351' title='bbox 676 2001 740 2047; x_wconf 83' lang='lat' dir='ltr'><strong>fucata,</strong></span> <span class='ocrx_word' id='word_1_352' title='bbox 751 2003 834 2052; x_wconf 90' lang='lat' dir='ltr'><strong>qnoniam</strong></span> 
     </span>
     <span class='ocr_line' id='line_1_33' title="bbox 99 2058 835 2110; baseline 0.004 -16"><span class='ocrx_word' id='word_1_353' title='bbox 99 2059 183 2095; x_wconf 88' lang='lat' dir='ltr'><strong>Christus</strong></span> <span class='ocrx_word' id='word_1_354' title='bbox 196 2070 258 2108; x_wconf 86' lang='lat' dir='ltr'><strong>pacem</strong></span> <span class='ocrx_word' id='word_1_355' title='bbox 272 2071 309 2095; x_wconf 93' lang='lat' dir='ltr'><strong>non</strong></span> <span class='ocrx_word' id='word_1_356' title='bbox 323 2072 345 2096; x_wconf 85' lang='lat' dir='ltr'><strong>ex</strong></span> <span class='ocrx_word' id='word_1_357' title='bbox 359 2071 395 2101; x_wconf 84' lang='lat' dir='ltr'><strong>ote,</strong></span> <span class='ocrx_word' id='word_1_358' title='bbox 410 2058 440 2096; x_wconf 89' lang='lat' dir='ltr'><strong>sed</strong></span> <span class='ocrx_word' id='word_1_359' title='bbox 454 2071 476 2094; x_wconf 79' lang='lat' dir='ltr'><strong>ex</strong></span> <span class='ocrx_word' id='word_1_360' title='bbox 490 2059 543 2096; x_wconf 90' lang='lat' dir='ltr'><strong>corde</strong></span> <span class='ocrx_word' id='word_1_361' title='bbox 557 2058 649 2104; x_wconf 86' lang='lat' dir='ltr'><strong>desiderat,</strong></span> <span class='ocrx_word' id='word_1_362' title='bbox 663 2070 680 2096; x_wconf 92' lang='lat' dir='ltr'><strong>et</strong></span> <span class='ocrx_word' id='word_1_363' title='bbox 693 2060 756 2097; x_wconf 86' lang='lat' dir='ltr'><strong>affectu</strong></span> <span class='ocrx_word' id='word_1_364' title='bbox 769 2062 835 2110; x_wconf 89' lang='lat' dir='ltr'><strong>potins,</strong></span> 
     </span>
     <span class='ocr_line' id='line_1_34' title="bbox 98 2117 835 2170; baseline 0.005 -16"><span class='ocrx_word' id='word_1_365' title='bbox 98 2130 152 2167; x_wconf 88' lang='lat' dir='ltr'><strong>quarn</strong></span> <span class='ocrx_word' id='word_1_366' title='bbox 165 2117 216 2154; x_wconf 89' lang='lat' dir='ltr'><strong>labiis</strong></span> <span class='ocrx_word' id='word_1_367' title='bbox 230 2119 268 2155; x_wconf 89' lang='lat' dir='ltr'><strong>vult</strong></span> <span class='ocrx_word' id='word_1_368' title='bbox 282 2120 386 2168; x_wconf 81' lang='lat' dir='ltr'><strong>proximum</strong></span> <span class='ocrx_word' id='word_1_369' title='bbox 395 2119 472 2155; x_wconf 86' lang='lat' dir='ltr'><strong>salutari.</strong></span> <span class='ocrx_word' id='word_1_370' title='bbox 482 2118 534 2155; x_wconf 88' lang='lat' dir='ltr'><strong>Unde</strong></span> <span class='ocrx_word' id='word_1_371' title='bbox 547 2119 562 2155; x_wconf 92' lang='lat' dir='ltr'><strong>si</strong></span> <span class='ocrx_word' id='word_1_372' title='bbox 575 2121 705 2157; x_wconf 87' lang='lat' dir='ltr'><strong>contristaverit</strong></span> <span class='ocrx_word' id='word_1_373' title='bbox 714 2121 801 2170; x_wconf 88' lang='lat' dir='ltr'><strong>quispiam</strong></span> <span class='ocrx_word' id='word_1_374' title='bbox 815 2135 835 2158; x_wconf 78' lang='lat' dir='ltr'><strong>ert</strong></span> 
     </span>
     <span class='ocr_line' id='line_1_35' title="bbox 99 2176 836 2228; baseline 0.001 -13"><span class='ocrx_word' id='word_1_375' title='bbox 99 2177 151 2215; x_wconf 91' lang='lat' dir='ltr'><strong>vobis</strong></span> <span class='ocrx_word' id='word_1_376' title='bbox 164 2178 183 2214; x_wconf 92' lang='lat' dir='ltr'><strong>in</strong></span> <span class='ocrx_word' id='word_1_377' title='bbox 196 2177 256 2227; x_wconf 90' lang='lat' dir='ltr'><strong>aliquo</strong></span> <span class='ocrx_word' id='word_1_378' title='bbox 273 2179 347 2215; x_wconf 77' lang='lat' dir='ltr'><strong>tratrem</strong></span> <span class='ocrx_word' id='word_1_379' title='bbox 364 2191 425 2225; x_wconf 80' lang='lat' dir='ltr'><strong>suurn,</strong></span> <span class='ocrx_word' id='word_1_380' title='bbox 439 2176 535 2215; x_wconf 83' lang='lat' dir='ltr'><strong>satisfaciat</strong></span> <span class='ocrx_word' id='word_1_381' title='bbox 548 2178 573 2215; x_wconf 89' lang='lat' dir='ltr'><strong>illi</strong></span> <span class='ocrx_word' id='word_1_382' title='bbox 587 2180 719 2228; x_wconf 86' lang='lat' dir='ltr'><strong>quamprimum</strong></span> <span class='ocrx_word' id='word_1_383' title='bbox 737 2191 777 2218; x_wconf 87' lang='lat' dir='ltr'><strong>ante</strong></span> <span class='ocrx_word' id='word_1_384' title='bbox 792 2181 836 2218; x_wconf 90' lang='lat' dir='ltr'><strong>solis</strong></span> 
     </span>
     <span class='ocr_line' id='line_1_36' title="bbox 99 2237 911 2287; baseline 0.004 -12"><span class='ocrx_word' id='word_1_385' title='bbox 99 2250 191 2284; x_wconf 79' lang='lat' dir='ltr'><strong>occasum,</strong></span> <span class='ocrx_word' id='word_1_386' title='bbox 205 2248 222 2274; x_wconf 91' lang='lat' dir='ltr'><strong>et</strong></span> <span class='ocrx_word' id='word_1_387' title='bbox 235 2248 296 2275; x_wconf 89' lang='lat' dir='ltr'><strong>cavete</strong></span> <span class='ocrx_word' id='word_1_388' title='bbox 314 2251 384 2284; x_wconf 87' lang='lat' dir='ltr'><strong>omnes,</strong></span> <span class='ocrx_word' id='word_1_389' title='bbox 396 2251 419 2275; x_wconf 89' lang='lat' dir='ltr'><strong>ne</strong></span> <span class='ocrx_word' id='word_1_390' title='bbox 433 2238 460 2274; x_wconf 93' lang='lat' dir='ltr'><strong>sol</strong></span> <span class='ocrx_word' id='word_1_391' title='bbox 474 2237 543 2274; x_wconf 86' lang='lat' dir='ltr'><strong>occidat</strong></span> <span class='ocrx_word' id='word_1_392' title='bbox 559 2250 612 2287; x_wconf 90' lang='lat' dir='ltr'><strong>super</strong></span> <span class='ocrx_word' id='word_1_393' title='bbox 623 2239 737 2276; x_wconf 84' lang='lat' dir='ltr'><strong>iracundiam</strong></span> <span class='ocrx_word' id='word_1_394' title='bbox 750 2250 834 2287; x_wconf 73' lang='lat' dir='ltr'><strong>vestratis,</strong></span> <span class='ocrx_word' id='word_1_395' title='bbox 856 2252 890 2286; x_wconf 75' lang='lat' dir='ltr'><strong>eph.</strong></span> <span class='ocrx_word' id='word_1_396' title='bbox 899 2259 911 2284; x_wconf 84' lang='lat' dir='ltr'><strong>t·</strong></span> 
     </span>
     <span class='ocr_line' id='line_1_37' title="bbox 100 2298 834 2347; baseline 0.005 -14"><span class='ocrx_word' id='word_1_397' title='bbox 100 2299 186 2347; x_wconf 81' lang='lat' dir='ltr'><strong>quoniam</strong></span> <span class='ocrx_word' id='word_1_398' title='bbox 199 2298 225 2333; x_wconf 86' lang='lat' dir='ltr'><strong>ira</strong></span> <span class='ocrx_word' id='word_1_399' title='bbox 238 2298 336 2334; x_wconf 87' lang='lat' dir='ltr'><strong>inveterata</strong></span> <span class='ocrx_word' id='word_1_400' title='bbox 345 2308 419 2347; x_wconf 90' lang='lat' dir='ltr'><strong>generat</strong></span> <span class='ocrx_word' id='word_1_401' title='bbox 432 2298 500 2343; x_wconf 82' lang='lat' dir='ltr'><strong>odium,</strong></span> <span class='ocrx_word' id='word_1_402' title='bbox 514 2309 531 2335; x_wconf 90' lang='lat' dir='ltr'><strong>et</strong></span> <span class='ocrx_word' id='word_1_403' title='bbox 544 2298 610 2347; x_wconf 90' lang='lat' dir='ltr'><strong>spoliat</strong></span> <span class='ocrx_word' id='word_1_404' title='bbox 617 2300 695 2336; x_wconf 83' lang='lat' dir='ltr'><strong>animant</strong></span> <span class='ocrx_word' id='word_1_405' title='bbox 709 2301 758 2337; x_wconf 90' lang='lat' dir='ltr'><strong>omni</strong></span> <span class='ocrx_word' id='word_1_406' title='bbox 771 2312 834 2337; x_wconf 87' lang='lat' dir='ltr'><strong>ornata</strong></span> 
     </span>
     <span class='ocr_line' id='line_1_38' title="bbox 98 2357 835 2410; baseline 0.007 -17"><span class='ocrx_word' id='word_1_407' title='bbox 98 2361 191 2395; x_wconf 80' lang='lat' dir='ltr'><strong>vittarum.</strong></span> <span class='ocrx_word' id='word_1_408' title='bbox 206 2357 260 2406; x_wconf 88' lang='lat' dir='ltr'><strong>Ergo,</strong></span> <span class='ocrx_word' id='word_1_409' title='bbox 270 2358 364 2402; x_wconf 85' lang='lat' dir='ltr'><strong>Monache,</strong></span> <span class='ocrx_word' id='word_1_410' title='bbox 378 2358 393 2393; x_wconf 93' lang='lat' dir='ltr'><strong>si</strong></span> <span class='ocrx_word' id='word_1_411' title='bbox 406 2357 505 2405; x_wconf 86' lang='lat' dir='ltr'><strong>peccaveris</strong></span> <span class='ocrx_word' id='word_1_412' title='bbox 518 2358 536 2393; x_wconf 93' lang='lat' dir='ltr'><strong>in</strong></span> <span class='ocrx_word' id='word_1_413' title='bbox 549 2357 622 2395; x_wconf 77' lang='lat' dir='ltr'><strong>tratrem</strong></span> <span class='ocrx_word' id='word_1_414' title='bbox 630 2368 687 2403; x_wconf 90' lang='lat' dir='ltr'><strong>tuum,</strong></span> <span class='ocrx_word' id='word_1_415' title='bbox 696 2372 739 2396; x_wconf 83' lang='grc'><strong>1101</strong></span> <span class='ocrx_word' id='word_1_416' title='bbox 748 2373 780 2410; x_wconf 88' lang='lat' dir='ltr'><strong>age</strong></span> <span class='ocrx_word' id='word_1_417' title='bbox 792 2374 835 2410; x_wconf 85' lang='lat' dir='ltr'><strong>poc-</strong></span> 
     </span>
    </p>

    <p class='ocr_par' dir='ltr' id='par_1_21' title="bbox 50 2417 945 2589">
     <span class='ocr_line' id='line_1_39' title="bbox 54 2417 944 2469; baseline 0.008 -14"><span class='ocrx_word' id='word_1_418' title='bbox 54 2457 56 2461; x_wconf 45' lang='lat'><strong>,</strong></span> <span class='ocrx_word' id='word_1_419' title='bbox 98 2419 192 2455; x_wconf 88' lang='lat' dir='ltr'><strong>nitentiarn</strong></span> <span class='ocrx_word' id='word_1_420' title='bbox 207 2431 267 2455; x_wconf 85' lang='lat' dir='ltr'><strong>coram</strong></span> <span class='ocrx_word' id='word_1_421' title='bbox 276 2432 303 2463; x_wconf 91' lang='lat' dir='ltr'><strong>eo,</strong></span> <span class='ocrx_word' id='word_1_422' title='bbox 313 2431 333 2455; x_wconf 88' lang='lat' dir='ltr'><strong>ac</strong></span> <span class='ocrx_word' id='word_1_423' title='bbox 342 2417 436 2468; x_wconf 87' lang='lat' dir='ltr'><strong>procidens</strong></span> <span class='ocrx_word' id='word_1_424' title='bbox 449 2417 470 2454; x_wconf 86' lang='lat' dir='ltr'><strong>ad</strong></span> <span class='ocrx_word' id='word_1_425' title='bbox 484 2430 542 2465; x_wconf 86' lang='lat' dir='ltr'><strong>genua</strong></span> <span class='ocrx_word' id='word_1_426' title='bbox 550 2419 620 2455; x_wconf 89' lang='lat' dir='ltr'><strong>veniam</strong></span> <span class='ocrx_word' id='word_1_427' title='bbox 629 2432 706 2467; x_wconf 85' lang='lat' dir='ltr'><strong>precare.</strong></span> <span class='ocrx_word' id='word_1_428' title='bbox 715 2420 737 2456; x_wconf 88' lang='lat' dir='ltr'><strong>Et</strong></span> <span class='ocrx_word' id='word_1_429' title='bbox 750 2421 836 2469; x_wconf 85' lang='lat' dir='ltr'><strong>gladium,</strong></span> <span class='ocrx_word' id='word_1_430' title='bbox 874 2436 944 2461; x_wconf 80' lang='lat' dir='ltr'><strong>vertum</strong></span> 
     </span>
     <span class='ocr_line' id='line_1_40' title="bbox 98 2470 945 2540; baseline 0.004 -25"><span class='ocrx_word' id='word_1_431' title='bbox 98 2479 162 2528; x_wconf 90' lang='lat' dir='ltr'><strong>inquit,</strong></span> <span class='ocrx_word' id='word_1_432' title='bbox 175 2471 254 2527; x_wconf 83' lang='lat' dir='ltr'><strong>spiritus,</strong></span> <span class='ocrx_word' id='word_1_433' title='bbox 269 2477 318 2527; x_wconf 91' lang='lat' dir='ltr'><strong>quod</strong></span> <span class='ocrx_word' id='word_1_434' title='bbox 331 2488 357 2515; x_wconf 90' lang='lat' dir='ltr'><strong>est</strong></span> <span class='ocrx_word' id='word_1_435' title='bbox 371 2477 445 2514; x_wconf 89' lang='lat' dir='ltr'><strong>verbum</strong></span> <span class='ocrx_word' id='word_1_436' title='bbox 454 2478 494 2524; x_wconf 84' lang='lat' dir='ltr'><strong>Dei,</strong></span> <span class='ocrx_word' id='word_1_437' title='bbox 506 2490 538 2526; x_wconf 91' lang='lat' dir='ltr'><strong>per</strong></span> <span class='ocrx_word' id='word_1_438' title='bbox 551 2491 624 2516; x_wconf 79' lang='lat' dir='ltr'><strong>onrnena</strong></span> <span class='ocrx_word' id='word_1_439' title='bbox 634 2480 740 2527; x_wconf 88' lang='lat' dir='ltr'><strong>orationem,</strong></span> <span class='ocrx_word' id='word_1_440' title='bbox 754 2491 771 2518; x_wconf 91' lang='lat' dir='ltr'><strong>et</strong></span> <span class='ocrx_word' id='word_1_441' title='bbox 785 2481 835 2520; x_wconf 90' lang='lat' dir='ltr'><strong>obse·</strong></span> <span class='ocrx_word' id='word_1_442' title='bbox 856 2470 945 2540; x_wconf 39' lang='lat' dir='ltr'><strong>{525¹}le</strong></span> 
     </span>
     <span class='ocr_line' id='line_1_41' title="bbox 50 2537 835 2589; baseline 0.005 -13"><span class='ocrx_word' id='word_1_443' title='bbox 50 2585 52 2589; x_wconf 69' lang='lat'><strong>,</strong></span> <span class='ocrx_word' id='word_1_444' title='bbox 100 2539 198 2576; x_wconf 90' lang='lat' dir='ltr'><strong>crationem</strong></span> <span class='ocrx_word' id='word_1_445' title='bbox 212 2539 230 2575; x_wconf 91' lang='lat' dir='ltr'><strong>in</strong></span> <span class='ocrx_word' id='word_1_446' title='bbox 243 2537 326 2576; x_wconf 89' lang='lat' dir='ltr'><strong>manibus</strong></span> <span class='ocrx_word' id='word_1_447' title='bbox 340 2538 413 2583; x_wconf 88' lang='lat' dir='ltr'><strong>Christi,</strong></span> <span class='ocrx_word' id='word_1_448' title='bbox 427 2538 500 2584; x_wconf 87' lang='lat' dir='ltr'><strong>milites,</strong></span> <span class='ocrx_word' id='word_1_449' title='bbox 513 2551 583 2587; x_wconf 88' lang='lat' dir='ltr'><strong>semper</strong></span> <span class='ocrx_word' id='word_1_450' title='bbox 595 2550 693 2579; x_wconf 88' lang='lat' dir='ltr'><strong>teneamus.</strong></span> <span class='ocrx_word' id='word_1_451' title='bbox 702 2540 784 2579; x_wconf 89' lang='lat' dir='ltr'><strong>Verbum</strong></span> <span class='ocrx_word' id='word_1_452' title='bbox 797 2543 835 2587; x_wconf 90' lang='lat' dir='ltr'><strong>Dei,</strong></span> 
     </span>
    </p>

    <p class='ocr_par' dir='ltr' id='par_1_22' title="bbox 100 2596 836 2650">
     <span class='ocr_line' id='line_1_42' title="bbox 100 2596 836 2650; baseline 0.005 -14"><span class='ocrx_word' id='word_1_453' title='bbox 100 2598 149 2650; x_wconf 91' lang='lat' dir='ltr'><strong>qaod</strong></span> <span class='ocrx_word' id='word_1_454' title='bbox 163 2600 181 2637; x_wconf 90' lang='lat' dir='ltr'><strong>in</strong></span> <span class='ocrx_word' id='word_1_455' title='bbox 194 2599 263 2637; x_wconf 87' lang='lat' dir='ltr'><strong>Sanctis</strong></span> <span class='ocrx_word' id='word_1_456' title='bbox 273 2600 374 2637; x_wconf 87' lang='lat' dir='ltr'><strong>continetur</strong></span> <span class='ocrx_word' id='word_1_457' title='bbox 384 2599 482 2649; x_wconf 88' lang='lat' dir='ltr'><strong>scripturis,</strong></span> <span class='ocrx_word' id='word_1_458' title='bbox 490 2596 609 2638; x_wconf 88' lang='lat' dir='ltr'><strong>victoriosum</strong></span> <span class='ocrx_word' id='word_1_459' title='bbox 619 2609 645 2637; x_wconf 91' lang='lat' dir='ltr'><strong>est</strong></span> <span class='ocrx_word' id='word_1_460' title='bbox 654 2611 716 2639; x_wconf 90' lang='lat' dir='ltr'><strong>contra</strong></span> <span class='ocrx_word' id='word_1_461' title='bbox 725 2615 787 2640; x_wconf 87' lang='lat' dir='ltr'><strong>ornnes</strong></span> <span class='ocrx_word' id='word_1_462' title='bbox 797 2602 836 2641; x_wconf 91' lang='lat' dir='ltr'><strong>dae-</strong></span> 
     </span>
    </p>
   </div>
   <div class='ocr_carea' id='block_1_3' title="bbox 98 2663 835 2713">
    <p class='ocr_par' dir='ltr' id='par_1_23' title="bbox 98 2663 835 2713">
     <span class='ocr_line' id='line_1_43' title="bbox 98 2663 835 2713; baseline 0 -12"><span class='ocrx_word' id='word_1_463' title='bbox 98 2678 175 2703; x_wconf 86' lang='lat' dir='ltr'><strong>monum</strong></span> <span class='ocrx_word' id='word_1_464' title='bbox 185 2666 297 2703; x_wconf 87' lang='lat' dir='ltr'><strong>incursiones</strong></span> <span class='ocrx_word' id='word_1_465' title='bbox 306 2665 406 2708; x_wconf 89' lang='lat' dir='ltr'><strong>munimen,</strong></span> <span class='ocrx_word' id='word_1_466' title='bbox 416 2665 462 2701; x_wconf 91' lang='lat' dir='ltr'><strong>sicut</strong></span> <span class='ocrx_word' id='word_1_467' title='bbox 471 2663 568 2701; x_wconf 85' lang='lat' dir='ltr'><strong>Salvatoris</strong></span> <span class='ocrx_word' id='word_1_468' title='bbox 577 2663 634 2701; x_wconf 89' lang='lat' dir='ltr'><strong>nostri</strong></span> <span class='ocrx_word' id='word_1_469' title='bbox 643 2676 738 2701; x_wconf 91' lang='lat' dir='ltr'><strong>monemur</strong></span> <span class='ocrx_word' id='word_1_470' title='bbox 747 2664 835 2713; x_wconf 80' lang='lat' dir='ltr'><strong>exemplo,</strong></span> 
     </span>
    </p>
   </div>
   <div class='ocr_carea' id='block_1_4' title="bbox 0 0 990 3023">
    <p class='ocr_par' dir='ltr' id='par_1_24' title="bbox 0 0 990 3023">
     <span class='ocr_line' id='line_1_44' title="bbox 0 0 990 3023; baseline 0 0"><span class='ocrx_word' id='word_1_471' title='bbox 0 0 990 3023; x_wconf 95' lang='lat' dir='ltr'><strong> </strong></span> 
     </span>
    </p>
   </div>
  </div>
 </body>
</html>
