1968 3023
58 274 104 299 Otium
111 282 139 299 nro·

51 308 110 334 nachoin
116 308 140 342 pri-

51 343 76 368 mis
90 342 140 377 lugien-

51 377 87 404 dum.

66 1430 78 1448 a.
84 1421 120 1449 Tim.
126 1430 138 1450 2.

162 137 184 182 36
320 135 346 171 De
358 133 455 183 parotidiaua
467 134 573 171 rationalitas
585 134 638 171 satuti
648 134 733 183 proposita.

160 224 212 250 tuum
225 214 310 251 instanter
322 215 459 263 praeparaveris,
474 227 573 264 numquam
586 214 620 250 Dei
637 213 701 251 faciem
717 213 736 250 in
749 213 805 263 gloria
818 213 893 251 videbis

161 274 217 312 Radix
230 272 357 323 desperationis
371 284 397 312 est
410 274 480 319 accidia,
490 284 507 312 et
517 287 555 311 non
568 273 628 311 solutn
641 273 695 318 radin,
706 273 736 311 sed
749 283 767 310 et
779 273 839 311 matrix
848 275 893 319 eius,

161 344 179 370 et
188 344 250 381 mater,
260 348 304 384 quae
318 335 332 371 si
344 346 422 371 mentem
432 335 510 372 hominis
520 336 559 371 Deo
569 334 622 372 dicati
631 334 686 371 sentel
696 335 810 383 oppresserit,
821 348 893 372 ornnem

161 395 208 430 viam
222 394 244 431 ad
257 394 332 432 salutern
344 394 391 431 illico
401 394 503 443 praecludit.
513 395 556 432 Non
565 395 613 431 enirn
623 393 751 431 dormientibus
765 407 840 444 regnum
854 408 894 432 coe-

160 454 220 491 lorum
233 456 349 503 promittitur,
359 468 394 492 non
406 456 453 501 ocio,
463 464 480 492 et
487 454 557 492 ‘desidia
566 453 677 504 torpentibus
687 453 777 492 beatitudo
786 455 893 492 aeternitatis

161 524 282 562 praeparatur,
296 514 327 551 secl
339 515 366 551 his
380 515 410 564 qui
422 513 501 551 motibus
515 514 572 550 carnis
587 513 663 551 viriliter
677 515 774 562 imperant,
788 526 853 551 corona
867 526 893 551 re-

160 573 241 621 ponitur:
256 584 281 620 et,
296 575 326 623 qni
339 563 410 622 spiritu,
422 586 459 611 non
472 586 525 611 carne
538 574 611 619 vivunt,
626 584 708 611 aeternae
721 572 822 611 foelicitatis
836 573 893 622 gloria

161 632 255 670 donantur.
273 633 325 670 Nulla
343 634 380 670 sine
398 632 457 670 labore
474 634 531 670 virtus
549 634 657 682 acquiritur;
676 633 733 670 hostis
746 633 784 670 sine
797 646 893 683 congressu

160 691 220 728 nullus
233 701 333 741 superatur,
347 693 362 729 si
375 693 401 729 uis
415 693 502 736 coronari,
516 692 576 730 uince:
591 693 606 729 si
619 693 689 729 vincere
703 693 759 741 cupis,
773 706 845 730 necesse
859 703 892 738 est,

142 788 145 790 .
160 762 179 787 nt
192 751 269 797 fortiter,
282 764 302 787 ac
318 761 450 801 perseueranter
464 751 559 800 praelieris.
573 751 671 801 Usquequo
685 752 734 801 piger
747 751 831 799 dormies,
844 752 893 790 Salo-

160 823 203 848 mou
217 809 248 847 tibi
262 808 332 858 clamat,
346 810 416 859 quando
430 824 526 860 consurges
540 825 549 848 e
563 824 628 848 somno
646 812 690 849 tuo?
707 811 725 848 Si
743 812 819 861 itnpiger
832 812 892 858 fueris,

160 870 226 915 veniet,
240 879 259 906 nt
273 869 319 916 fons,
332 870 394 906 messis
407 880 443 916 tua,
457 881 473 907 et
486 880 555 919 egestas
569 870 623 919 longe
632 870 688 919 fugiet
701 884 710 907 a
721 880 743 908 te,
754 870 791 915 Qui
800 871 847 908 enin]
857 871 892 908 col-

160 929 199 979 ligit
212 929 230 965 in
244 942 307 973 messe,
320 929 367 966 filius
380 930 448 977 sapiens
462 939 500 975 est,
511 940 528 966 et
537 930 567 979 qui
576 931 634 967 stertit
643 940 713 975 aestate,
723 930 767 967 filius
777 930 892 968 confusionis.

159 990 212 1033 Nam,
226 989 256 1039 qui
269 997 352 1038 operatur
365 998 429 1025 terram
443 1002 500 1036 suam,
510 989 602 1026 satiabitur
615 988 696 1039 panibus:
709 991 738 1039 qui
748 1000 806 1027 autem
815 1000 892 1028 sectatur

161 1049 226 1092 ocium,
240 1047 337 1096 replebitur
350 1057 433 1098 egestate.
446 1049 498 1086 Nunc
512 1058 583 1097 tempus
597 1060 623 1087 est
636 1049 720 1098 operandi
734 1049 806 1094 bonmn,
820 1049 890 1096 fratres;

160 1120 208 1144 nunc
221 1107 344 1156 opportunitas
357 1107 470 1156 promerendi
484 1118 574 1145 aeternam
588 1108 715 1146 beatitudinem
730 1108 780 1147 nobis
794 1110 892 1146 aDomino

160 1168 200 1204 Deo
213 1166 321 1210 conceditur,
332 1180 376 1216 quae
388 1166 447 1204 subito
461 1168 479 1204 in
492 1178 551 1204 morte
564 1178 671 1217 amputatur.
680 1168 727 1204 Dicit
737 1169 784 1205 enim
797 1169 891 1217 scriptura:

161 1227 293 1276 Quodcumque
306 1227 364 1264 facere
376 1238 435 1275 potest
443 1241 506 1265 rnarrus
516 1238 552 1273 tua,
562 1229 647 1266 instanter
656 1241 738 1277 operare3
748 1229 788 1277 quia
797 1241 830 1266 nec
839 1243 891 1278 opus,

160 1300 193 1324 nec
207 1288 257 1330 ratio,
271 1300 303 1324 nec
316 1287 407 1335 sapientia,
421 1301 454 1324 nec
467 1288 541 1324 scientia
555 1298 606 1337 erunt
620 1288 665 1337 apud
679 1288 755 1334 inferos,
769 1302 803 1337 quo
817 1299 834 1325 tu
848 1301 892 1337 pro-

160 1360 216 1396 peras.
230 1347 247 1383 Si
261 1359 294 1383 vos
308 1345 382 1383 delectat
395 1344 462 1383 bortum
476 1357 557 1384 aeternae
570 1346 693 1392 beatitudinis,
710 1350 758 1397 quod
775 1348 891 1396 promittitur,

160 1416 230 1455 oportet
243 1419 265 1442 ne
274 1405 344 1443 labores
353 1406 443 1454 pugnandi
452 1417 530 1444 mentem
540 1406 646 1453 deterreant,
655 1408 685 1456 qui
694 1416 823 1456 proponuntur.
832 1408 891 1445 Nemo

107 1515 109 1517 ‚
159 1468 207 1505 enirn
218 1468 314 1505 aDornino
324 1466 443 1513 coronabitur,
453 1468 488 1504 nisi
497 1469 527 1517 qui
536 1468 616 1517 legitime
627 1469 728 1506 certaverit:
737 1481 791 1506 nemo
800 1470 891 1517 perveniet

55 2548 105 2575 Eccles,
115 2557 136 2582 33.

159 1525 181 1562 ad
194 1525 265 1563 culmen
279 1535 359 1563 aeternae
373 1525 488 1571 celsitudinis,
498 1527 532 1563 nisi
542 1527 573 1576 qui
581 1526 651 1564 feruore
661 1527 733 1575 spiritus
746 1526 817 1564 illicitos
831 1536 891 1564 motus

159 1585 268 1634 superaverit
282 1585 344 1622 carnis.
358 1585 431 1634 Semper
445 1595 471 1622 est
483 1584 535 1622 nobis
548 1585 672 1634 pugnandum,
683 1585 751 1632 fratres,
764 1595 824 1624 contra
838 1585 892 1635 tripli·

161 1657 199 1681 cem
212 1645 269 1681 aciem
283 1643 355 1690 diaboli,
370 1645 454 1694 quamdiu
468 1645 486 1681 in
499 1645 532 1682 hac
546 1646 689 1694 peregrinatione
702 1645 788 1691 vivianum
807 1646 891 1695 quoniam

159 1716 213 1741 nemo
226 1703 254 1740 lric
267 1703 389 1752 insuperabilis
403 1717 459 1753 usque
472 1704 516 1742 adeo
526 1704 608 1751 efficitur,
618 1706 649 1754 qui
657 1718 694 1742 non
703 1715 794 1754 tepescens
806 1705 891 1754 paulatim

158 1773 256 1812 superetur.
270 1763 304 1800 Hic
318 1767 388 1800 sanctus
398 1763 495 1812 proclamat
504 1765 624 1813 Augustinus:
634 1765 694 1802 Nemo
703 1777 775 1801 securus
789 1777 826 1801 esse
834 1764 891 1815 ¹debet

158 1824 177 1860 in
189 1822 222 1860 hac
235 1824 276 1869 uita,
291 1836 335 1872 quae
348 1832 385 1860 tota
398 1824 473 1860 tentatio
487 1824 596 1870 nominatur,
609 1835 629 1860 ut
642 1824 672 1873 qui
685 1824 744 1873 potuit
758 1823 794 1861 fieti
808 1837 829 1861 ex
842 1824 891 1862 dete-

158 1882 202 1918 riori
216 1880 286 1927 melior,
300 1894 336 1918 non
349 1880 379 1936 fiat
392 1894 413 1918 ex
426 1881 501 1919 meliore
510 1882 616 1931 quandoque
627 1882 709 1919 deterior.
719 1881 771 1919 Unde
780 1892 797 1919 et
805 1882 890 1920 Salomon

158 1941 176 1978 in
190 1940 235 1977 libro
249 1939 396 1986 Prouerbiorurn,
410 1940 511 1987 Desideria,
525 1941 592 1990 inquit,
610 1940 693 1978 occidunt
710 1942 792 1991 pigrum3
806 1943 891 1992 quoniam

158 2001 204 2036 sicut
220 2000 237 2035 in
251 2012 358 2048 unoquoque
371 2012 424 2048 opere
433 1998 481 2037 bono
491 1999 620 2049 perfectionem
630 1999 691 2037 tribuit
700 2002 805 2047 constantia,
815 2003 839 2038 ita
852 2015 890 2039 oan-

158 2060 185 2096 nis
198 2058 297 2107 religionis,
312 2068 329 2095 et
341 2057 431 2106 profectus
444 2060 513 2096 animae
527 2053 625 2109 spiritualis
638 2060 770 2110 interemptrix,
784 2069 801 2097 et
815 2074 891 2111 nouerca

158 2129 184 2155 est
198 2117 271 2155 accidia.
285 2117 337 2162 Nam,
351 2126 371 2154 ut
383 2118 434 2155 divus
444 2118 501 2167 inquit
510 2118 639 2167 Hieronymus,
649 2118 693 2155 nihil
702 2119 719 2155 in
729 2128 789 2156 sancto
798 2119 890 2169 proposito

158 2177 235 2215 deterius
249 2186 275 2214 est
288 2177 337 2221 ocio;
352 2178 436 2226 quoniam
449 2190 485 2215 non
499 2177 558 2215 solum
572 2190 609 2214 non
626 2179 700 2227 acquirit
716 2190 771 2223 noua,
789 2179 820 2216 sed
837 2180 890 2217 etiam

157 2237 232 2286 turpiter
245 2237 334 2275 consumit
348 2237 396 2286 prins
405 2238 496 2286 acquisita.
506 2237 581 2274 Sanctae
591 2237 687 2285 spiritualis
697 2239 743 2275 vitae
753 2238 797 2275 ratio
807 2252 890 2288 processu

157 2297 242 2333 continuo
255 2295 321 2344 gaudio
335 2296 411 2344 prolicit,
426 2307 443 2333 et
457 2297 529 2341 crescit;
544 2298 643 2334 cessatione
656 2310 698 2334 vero
711 2306 780 2346 torpet,
794 2308 811 2335 et
824 2298 889 2337 deficit.

139 2354 141 2358 ’
155 2356 259 2404 Propterea,
274 2354 346 2407 fratres,
356 2355 474 2404 quotidianis,
488 2355 508 2393 ac
522 2355 622 2394 recentibus
636 2356 723 2393 virtutum
736 2357 850 2394 incrementis
864 2359 890 2394 in-

156 2415 250 2452 stauranda
263 2428 314 2452 ruens
328 2424 361 2461 est,
372 2424 389 2451 et
402 2415 473 2453 uiuendi
486 2415 522 2453 hoc
535 2418 569 2453 iter
583 2417 628 2453 ratio
642 2415 708 2453 nonde
718 2425 812 2463 transacto,
822 2416 890 2464 sedeo,

156 2473 204 2523 qnod
217 2483 277 2520 restat,
291 2473 384 2511 metienda.
401 2474 520 2512 Ociositatetn
537 2475 598 2523 igitur,
617 2488 661 2524 quac
679 2485 739 2519 mater,
758 2485 775 2512 et
789 2477 850 2513 nutrix
863 2487 890 2514 est

156 2534 238 2570 omniunt
251 2534 342 2578 uitiorum,
355 2535 373 2570 in
386 2535 448 2582 primis
462 2534 527 2584 fugite:
539 2536 626 2572 accidiam
639 2544 698 2572 autent
711 2548 748 2572 non
761 2535 890 2584 fugieralo,sed

156 2591 255 2630 resistendo
268 2592 344 2638 fortiter,
363 2602 450 2641 superate.
464 2594 512 2630 Dicit
530 2603 590 2630 autem
604 2594 697 2643 scriptura:
712 2593 788 2631 Multatn
802 2593 889 2631 malitiam

156 2651 217 2689 docuit
234 2652 323 2689 ociositas.
340 2652 360 2689 ln
377 2650 467 2689 desideriis
485 2653 532 2689 enirn
550 2653 611 2699 vatris,
630 2662 646 2689 et
663 2653 768 2702 perniciosis
787 2661 813 2689 est
830 2653 889 2690 omms
