1968 3023
439 155 516 193 Herrrilia
530 152 567 190 XX.
836 162 869 198 147

133 239 253 277 obedientiam
266 239 352 276 veraciter
363 237 426 286 diligit,
436 236 457 273 ad
467 247 552 273 coronam
566 234 645 281 martyrii
659 231 763 270 sinedubio
778 231 868 280 pertingit.
878 278 881 282 ,

134 300 216 337 Arduum
234 309 260 336 est
278 312 331 346 opus,
345 308 362 334 et
375 298 428 334 nimis
442 294 551 333 laboriosum
570 302 668 338 certarnen,
682 291 757 329 liberum
775 292 868 329 hominem

102 398 104 405 ,
134 359 250 407 semetipsum
264 358 362 407 despicere,
378 367 394 394 et
407 370 426 393 se
440 366 508 401 torum,
522 364 539 390 et
553 353 663 390 voluntatem
679 364 729 388 suani
745 365 818 389 omnem
837 350 868 388 sub

133 408 220 468 imperio,
235 428 252 455 et
268 427 368 466 potestate,
383 416 453 453 alterius
473 424 558 463 perpetuo
576 413 672 461 resignare.
688 411 790 448 Iririreanmr
808 421 867 447 autem

133 476 214 514 fidelibus
227 476 283 514 oculis
298 476 350 513 huius
360 476 462 512 mercedem
472 474 579 517 certaminis,
590 481 607 509 et
617 471 739 520 reputabimus
749 471 810 508 omnia
819 470 868 516 (lura,

133 547 150 573 et
163 549 223 585 aspera
237 536 289 573 huius
303 537 360 581 vitae,
374 536 423 584 quasi
440 534 502 571 ludum
521 547 560 570 esse
573 530 660 582 quendam
674 531 771 580 puerilem,
786 531 816 579 qui
833 531 867 567 iam

133 596 154 632 ad
171 596 234 632 horam
251 596 338 641 cernitur,
352 606 369 631 et
386 607 473 644 nusquam
492 603 553 642 postea
567 591 681 640 comparebit.
695 591 751 637 Nam,
766 600 785 625 ut
801 589 868 626 Christi

132 665 200 691 amator
214 654 256 691 dicit
270 654 375 702 Apostolus,
389 667 425 691 non
439 663 480 690 sunt
493 653 591 702 condignae
605 652 697 699 passiones
711 650 763 686 huius
780 649 867 698 temporis

131 714 152 751 ad
165 723 314 761 superventuram
328 713 410 762 gloriam,
424 726 468 761 quae
482 711 588 749 revelabitur
602 711 619 747 in
632 710 688 748 nobis.
701 709 798 753 Coronam,
813 721 867 758 quam

131 774 195 810 sanctis
209 774 316 822 martyrium
334 786 366 821 pto
380 774 452 811 Christo
466 771 555 821 qnondam
570 771 655 815 contulit,
669 769 722 807 hodie
738 771 784 807 veris
798 769 866 806 Christi

131 832 240 869 amatoribus
254 833 326 869 lunuilis
340 832 440 870 obedientia
450 831 565 881 praeparabit.
579 831 679 868 Monachus
694 831 740 867 enim
750 843 782 879 pro
793 830 866 866 Christo

131 904 172 928 vere
186 891 264 939 liurnilis,
278 901 295 928 et
309 892 393 929 obediens
407 893 444 928 sine
457 905 522 940 pavore
536 904 608 928 securus
623 892 703 933 moritur,
714 900 775 938 utpote
789 891 820 938 qui
833 888 865 925 sub

131 951 206 1000 imperio
223 952 298 987 senioris
312 952 339 988 sui
352 950 428 988 fideliter
442 951 520 987 militans
534 950 554 986 ab
568 951 617 987 oriam
631 950 704 986 rationis
718 949 811 986 exactione
822 948 865 985 libe-

130 1001 184 1046 ratur.
200 1011 256 1054 Nam,
270 1012 301 1059 qui
318 1012 340 1048 ad
357 1022 420 1047 tanturn
438 1012 513 1059 pastoris
527 1011 554 1046 sui
567 1011 629 1047 vivens
647 1010 665 1046 in
680 1008 763 1045 omnibus
778 1007 866 1045 mandatis

131 1071 164 1106 Dei
178 1079 224 1106 recte
238 1070 323 1119 graditur,
334 1070 378 1107 nihil
387 1081 446 1119 potest
457 1071 575 1117 committere,
585 1070 633 1119 quod
647 1069 667 1105 ad
681 1069 758 1105 iudicem
770 1068 865 1105 deferatur.

130 1129 202 1167 Abbatis
216 1131 263 1166 enim
278 1131 382 1168 testimonio
397 1130 502 1176 defenditur,
513 1130 534 1167 ad
548 1132 597 1167 cuius
611 1130 728 1167 directionem
742 1130 780 1167 sine
794 1129 865 1177 querela

131 1200 177 1226 recte
186 1199 306 1227 conversatur.
317 1190 433 1227 Considerate
443 1188 505 1226 fratres
515 1189 572 1238 legem
582 1189 698 1235 obedientiae,
706 1188 804 1225 secundum
812 1202 865 1237 quam

129 1249 188 1285 vivere
202 1250 321 1298 promisistis,
335 1259 352 1286 et
366 1249 439 1295 scitote,
453 1250 536 1298 quoniam
550 1250 669 1286 necessarium
684 1247 759 1295 fecistis,
772 1248 820 1297 quod
833 1261 864 1285 vo-

130 1308 223 1345 luntarium
235 1309 298 1354 luerat,
308 1309 378 1357 quando
388 1311 406 1345 in
415 1310 523 1346 sententiam·
531 1308 639 1345 monasticae
648 1307 748 1344 traditionis
760 1307 865 1345 solemniter

130 1361 250 1421 consensistis.
264 1368 306 1405 Non
319 1368 359 1405 licet
373 1367 422 1405 vobis
437 1369 471 1404 iam
485 1381 494 1404 a
507 1378 568 1405 sancto
582 1367 674 1417 proposito
689 1367 775 1411 recedere,
786 1380 819 1403 nec
832 1380 864 1415 po-

129 1428 178 1463 testis
197 1436 260 1464 vorum
277 1428 333 1464 semel
351 1422 441 1464 emissum
453 1439 541 1464 revocare.
558 1427 576 1464 Si
593 1425 669 1463 feceritis
687 1428 747 1463 omnia
765 1418 863 1464 secundum

129 1495 210 1522 sanctuni
224 1486 340 1534 Evangelium
355 1486 432 1533 Christi,
446 1495 464 1522 et
477 1499 559 1523 normam
573 1485 662 1522 Benedicti
676 1487 740 1534 patris,
755 1499 800 1535 quae
813 1487 863 1523 vovi-

128 1546 170 1592 stis,
183 1558 220 1581 non
238 1546 260 1582 sit
278 1544 329 1582 vohis
346 1545 468 1583 haesitationis
487 1545 570 1591 dubium,
587 1545 633 1582 beati
649 1546 707 1589 eritis,
725 1555 742 1583 et
760 1546 863 1583 mercedem

128 1605 192 1641 sanctis
206 1604 284 1641 debitam
294 1618 303 1641 a
313 1605 392 1642 Domino
402 1605 496 1653 recipietis.
511 1604 529 1641 Si
542 1614 601 1642 antem
611 1606 752 1652 promissiomim
763 1615 863 1643 vestrarum

128 1664 252 1710 immemores,
266 1673 329 1700 votnm
342 1673 413 1701 sanctae
426 1665 508 1713 puritatis
523 1664 562 1701 Deo
579 1664 644 1701 finctum
658 1661 774 1711 violaveiitis,
789 1666 803 1702 si
821 1679 863 1702 con-

127 1723 227 1759 versatione
241 1723 329 1771 spirituali
343 1734 445 1772 contempta
461 1722 560 1760 secundum
579 1736 649 1760 carnem
663 1724 750 1771 vixeritis,
763 1726 798 1762 iam
816 1739 863 1763 ntirac

127 1781 215 1818 denuncio
228 1781 279 1819 vobis
293 1796 314 1819 ex
328 1782 366 1830 lege
379 1792 445 1827 vestra,
460 1784 544 1831 qnoniam
561 1783 659 1820 certissime
677 1783 806 1822 condemnandi
821 1788 863 1823 estis

910 1375 973 1407 Mascula,

884 1409 972 1444 etdignaviro

884 1444 961 1471 admonitio.

127 1841 229 1877 aDornino
247 1850 309 1877 nostro
326 1842 364 1878 Iesu
380 1842 452 1878 Christo
466 1842 523 1879 iudice
537 1843 629 1888 oninium,
645 1856 698 1891 quem
711 1843 802 1881 irridendo
820 1859 862 1883 con·
907 1842 908 1845 ¹

126 1900 230 1948 ternpsistis.
244 1899 302 1936 Multo
318 1902 364 1937 eninr
379 1901 443 1937 melius
457 1911 482 1937 est
496 1900 540 1937 nihil
553 1902 664 1949 promittere,
679 1914 731 1949 quam
745 1913 808 1940 votum
823 1906 861 1942 vio-

126 1958 166 1996 late.
180 1958 245 1995 Salutis
263 1960 317 2007 igitur
334 1969 403 2007 vestrae
420 1959 499 1997 conditio
518 1960 534 1996 in
548 1960 583 1997 boc
597 1974 633 1997 uno
647 1961 728 2009 ponitur,
744 1973 763 1999 ut
776 1965 861 2012 quemad-

126 2018 201 2054 modum
218 2018 273 2055 semel
291 2019 398 2067 promisistis
416 2020 464 2065 Deo,
479 2019 577 2057 secundum
595 2021 675 2069 regulam
696 2023 751 2059 sancti
768 2023 861 2061 Benedicti

127 2089 182 2125 usque
200 2078 221 2114 ad
239 2087 315 2127 mortem
334 2078 351 2114 in
369 2079 418 2114 omni
436 2079 512 2127 puritate
525 2080 598 2126 naentis,
613 2089 629 2115 et
643 2081 723 2129 corporis
738 2083 860 2120 conversando

125 2137 248 2183 perseveretis.
261 2137 322 2174 Homo
333 2138 379 2173 enirn
389 2137 507 2183 Christianus,
518 2138 548 2186 qui
561 2152 597 2176 non
607 2140 656 2175 vovit
670 2142 807 2178 conversionem
821 2143 860 2179 hlo-

125 2196 217 2241 nasticam,
227 2195 291 2232 salvari
300 2204 359 2243 potest
368 2205 416 2232 recte
426 2195 503 2233 vivendo
513 2197 610 2234 secundum
621 2198 746 2247 Evangelium:
761 2201 790 2249 qui
800 2212 859 2238 aruem

124 2255 180 2291 semel
193 2253 250 2291 factus
264 2265 291 2291 est
304 2256 409 2302 hlonachus,
418 2267 454 2292 non
464 2255 558 2293 salvabitur
572 2257 606 2293 nisi
620 2259 680 2295 onmia
693 2260 789 2297 servaverit
803 2274 859 2310 usque

125 2313 146 2350 ad
156 2325 239 2361 mortem,
249 2328 293 2364 quae
303 2316 324 2352 ad
334 2316 454 2353 hlonasticttm
464 2317 578 2365 requiruntur
587 2318 694 2355 institutum.
705 2319 790 2356 Ausculta
804 2321 860 2369 igitur

124 2374 237 2411 olllouache
251 2374 325 2411 verbum
342 2375 403 2422 breve,
417 2376 503 2424 solidum,
518 2389 537 2413 ac
550 2390 618 2415 verrnn.
632 2378 731 2416 Monachus
746 2394 773 2424 es,
788 2382 802 2417 si
818 2382 859 2419 Mo-

123 2432 190 2468 nachus
204 2434 274 2478 viseris,
289 2435 348 2487 salvus
362 2436 403 2473 eris:
418 2437 445 2472 sin
458 2448 501 2473 veto
515 2436 565 2472 aliter
579 2438 650 2483 vixeris,
660 2452 696 2475 non
709 2439 813 2486 salvaberis,
828 2443 859 2479 sed

123 2492 225 2539 portionem
239 2504 288 2530 triaun
302 2495 377 2544 recipies
395 2496 440 2533 inter
452 2496 524 2544 spiritns
538 2507 635 2544 apostatas,
650 2499 734 2546 quoniam
747 2500 815 2544 Deum,
831 2502 859 2538 cni

123 2552 208 2588 mentitus
222 2566 250 2600 es,
264 2554 339 2591 irridens
354 2556 482 2603 contempsisti.
497 2556 566 2593 Revoca
580 2569 626 2593 laurac
639 2557 693 2606 igitur
707 2561 823 2607 temetipsum
837 2560 858 2598 ad

123 2619 145 2651 te.
159 2612 286 2649 conscientiam
300 2622 350 2649 tuam
364 2613 385 2650 de
399 2614 449 2651 omni
461 2616 498 2651 vita
511 2624 540 2651 tua
554 2615 647 2665 diligenter
660 2618 750 2664 examina,
764 2620 858 2667 quomodo

123 2668 224 2717 impleveris
238 2680 311 2708 eatenus
325 2680 366 2709 vota
380 2681 415 2719 rua,
425 2686 470 2722 quae
484 2674 588 2722 promisisti,
599 2675 706 2712 esanmssim
720 2689 779 2725 pensa.
790 2678 807 2714 V
809 2691 858 2714 erun-
