<?xml version="1.0" encoding="UTF-8"?>
<!DOCTYPE html PUBLIC "-//W3C//DTD XHTML 1.0 Transitional//EN"
    "http://www.w3.org/TR/xhtml1/DTD/xhtml1-transitional.dtd">
<html xmlns="http://www.w3.org/1999/xhtml" xml:lang="en" lang="en">
 <head>
  <title>
</title>
<meta http-equiv="Content-Type" content="text/html;charset=utf-8" />
  <meta name='ocr-system' content='tesseract 3.04.00' />
  <meta name='ocr-capabilities' content='ocr_page ocr_carea ocr_par ocr_line ocrx_word'/>
</head>
<body>
  <div class='ocr_page' id='page_1' title='image "MN5032ucmf_2_0158.png"; bbox 0 0 1968 3023; ppageno 0'>
   <div class='ocr_carea' id='block_1_1' title="bbox 226 137 750 186">
    <p class='ocr_par' dir='ltr' id='par_1_1' title="bbox 226 137 750 186">
     <span class='ocr_line' id='line_1_1' title="bbox 226 137 750 186; baseline 0 -12"><span class='ocrx_word' id='word_1_1' title='bbox 226 144 259 186; x_wconf 73' lang='lat'>146</span> <span class='ocrx_word' id='word_1_2' title='bbox 431 139 457 176; x_wconf 83' lang='lat' dir='ltr'>Da</span> <span class='ocrx_word' id='word_1_3' title='bbox 469 138 587 176; x_wconf 79' lang='lat' dir='ltr'>raranachoruar</span> <span class='ocrx_word' id='word_1_4' title='bbox 601 137 692 174; x_wconf 78' lang='lat' dir='ltr'>obediontia</span> <span class='ocrx_word' id='word_1_5' title='bbox 704 149 750 174; x_wconf 80' lang='lat' dir='ltr'>varra.</span> 
     </span>
    </p>
   </div>
   <div class='ocr_carea' id='block_1_2' title="bbox 108 218 969 2712">
    <p class='ocr_par' dir='ltr' id='par_1_2' title="bbox 108 218 969 2712">
     <span class='ocr_line' id='line_1_2' title="bbox 114 218 956 279; baseline 0.004 -25"><span class='ocrx_word' id='word_1_6' title='bbox 114 219 149 278; x_wconf 49' lang='lat' dir='ltr'>bug}</span> <span class='ocrx_word' id='word_1_7' title='bbox 157 224 202 279; x_wconf 47' lang='lat' dir='ltr'>¹1:¹⁰⁵th</span> <span class='ocrx_word' id='word_1_8' title='bbox 224 220 240 254; x_wconf 89' lang='grc'>111</span> <span class='ocrx_word' id='word_1_9' title='bbox 250 218 332 263; x_wconf 85' lang='lat' dir='ltr'>Abbates.</span> <span class='ocrx_word' id='word_1_10' title='bbox 346 220 384 269; x_wconf 88' lang='lat' dir='ltr'>Ego</span> <span class='ocrx_word' id='word_1_11' title='bbox 398 230 462 263; x_wconf 83' lang='lat' dir='ltr'>autem,</span> <span class='ocrx_word' id='word_1_12' title='bbox 472 219 503 269; x_wconf 90' lang='lat' dir='ltr'>qui</span> <span class='ocrx_word' id='word_1_13' title='bbox 516 232 548 257; x_wconf 91' lang='lat' dir='ltr'>vos</span> <span class='ocrx_word' id='word_1_14' title='bbox 562 219 583 256; x_wconf 91' lang='lat' dir='ltr'>ad</span> <span class='ocrx_word' id='word_1_15' title='bbox 597 219 663 264; x_wconf 87' lang='lat' dir='ltr'>omnia,</span> <span class='ocrx_word' id='word_1_16' title='bbox 673 231 717 268; x_wconf 90' lang='lat' dir='ltr'>quae</span> <span class='ocrx_word' id='word_1_17' title='bbox 730 228 795 262; x_wconf 88' lang='lat' dir='ltr'>sancta,</span> <span class='ocrx_word' id='word_1_18' title='bbox 810 228 827 256; x_wconf 90' lang='lat' dir='ltr'>et</span> <span class='ocrx_word' id='word_1_19' title='bbox 841 221 890 257; x_wconf 89' lang='lat' dir='ltr'>utilia</span> <span class='ocrx_word' id='word_1_20' title='bbox 904 221 956 269; x_wconf 88' lang='lat' dir='ltr'>capio</span> 
     </span>
     <span class='ocr_line' id='line_1_3' title="bbox 114 278 957 328; baseline 0.006 -16"><span class='ocrx_word' id='word_1_21' title='bbox 114 287 151 313; x_wconf 65' lang='lat' dir='ltr'>enos,</span> <span class='ocrx_word' id='word_1_22' title='bbox 223 291 260 315; x_wconf 88' lang='lat' dir='ltr'>esse</span> <span class='ocrx_word' id='word_1_23' title='bbox 274 279 376 325; x_wconf 85' lang='lat' dir='ltr'>instructos,</span> <span class='ocrx_word' id='word_1_24' title='bbox 391 279 485 317; x_wconf 72' lang='lat' dir='ltr'>charitates</span> <span class='ocrx_word' id='word_1_25' title='bbox 498 289 566 316; x_wconf 89' lang='lat' dir='ltr'>vestras</span> <span class='ocrx_word' id='word_1_26' title='bbox 580 289 652 328; x_wconf 84' lang='lat' dir='ltr'>paterne</span> <span class='ocrx_word' id='word_1_27' title='bbox 666 278 758 322; x_wconf 75' lang='lat' dir='ltr'>exhortor,</span> <span class='ocrx_word' id='word_1_28' title='bbox 773 287 790 314; x_wconf 91' lang='lat' dir='ltr'>et</span> <span class='ocrx_word' id='word_1_29' title='bbox 803 291 880 326; x_wconf 80' lang='lat' dir='ltr'>monce,</span> <span class='ocrx_word' id='word_1_30' title='bbox 896 291 914 317; x_wconf 89' lang='lat' dir='ltr'>ut</span> <span class='ocrx_word' id='word_1_31' title='bbox 929 280 957 317; x_wconf 87' lang='lat' dir='ltr'>his</span> 
     </span>
     <span class='ocr_line' id='line_1_4' title="bbox 223 336 956 387; baseline 0.004 -14"><span class='ocrx_word' id='word_1_32' title='bbox 223 337 388 375; x_wconf 73' lang='lat' dir='ltr'>circumcellionibus</span> <span class='ocrx_word' id='word_1_33' title='bbox 402 352 452 376; x_wconf 86' lang='lat' dir='ltr'>aures</span> <span class='ocrx_word' id='word_1_34' title='bbox 462 339 483 375; x_wconf 89' lang='lat' dir='ltr'>de</span> <span class='ocrx_word' id='word_1_35' title='bbox 494 348 563 375; x_wconf 90' lang='lat' dir='ltr'>caetero</span> <span class='ocrx_word' id='word_1_36' title='bbox 574 351 609 375; x_wconf 92' lang='lat' dir='ltr'>non</span> <span class='ocrx_word' id='word_1_37' title='bbox 619 338 721 386; x_wconf 77' lang='lat' dir='ltr'>porrigatis,</span> <span class='ocrx_word' id='word_1_38' title='bbox 733 338 762 386; x_wconf 93' lang='lat' dir='ltr'>qui</span> <span class='ocrx_word' id='word_1_39' title='bbox 772 336 852 374; x_wconf 90' lang='lat' dir='ltr'>moribus</span> <span class='ocrx_word' id='word_1_40' title='bbox 864 349 956 387; x_wconf 88' lang='lat' dir='ltr'>pastorum</span> 
     </span>
     <span class='ocr_line' id='line_1_5' title="bbox 223 395 956 446; baseline 0.004 -13"><span class='ocrx_word' id='word_1_41' title='bbox 223 410 297 434; x_wconf 87' lang='lat' dir='ltr'>suoram</span> <span class='ocrx_word' id='word_1_42' title='bbox 310 397 415 444; x_wconf 85' lang='lat' dir='ltr'>detralmnt,</span> <span class='ocrx_word' id='word_1_43' title='bbox 430 409 446 436; x_wconf 88' lang='lat' dir='ltr'>et</span> <span class='ocrx_word' id='word_1_44' title='bbox 460 398 532 446; x_wconf 89' lang='lat' dir='ltr'>propria</span> <span class='ocrx_word' id='word_1_45' title='bbox 550 397 617 434; x_wconf 88' lang='lat' dir='ltr'>scelera</span> <span class='ocrx_word' id='word_1_46' title='bbox 636 395 754 434; x_wconf 74' lang='lat' dir='ltr'>delationibus</span> <span class='ocrx_word' id='word_1_47' title='bbox 771 396 833 433; x_wconf 86' lang='lat' dir='ltr'>alienis</span> <span class='ocrx_word' id='word_1_48' title='bbox 849 397 956 436; x_wconf 81' lang='lat' dir='ltr'>abscondere</span> 
     </span>
     <span class='ocr_line' id='line_1_6' title="bbox 222 456 954 507; baseline 0.003 -14"><span class='ocrx_word' id='word_1_49' title='bbox 222 456 337 495; x_wconf 89' lang='lat' dir='ltr'>contendunt.</span> <span class='ocrx_word' id='word_1_50' title='bbox 351 458 393 495; x_wconf 88' lang='lat' dir='ltr'>Non</span> <span class='ocrx_word' id='word_1_51' title='bbox 406 469 432 494; x_wconf 84' lang='lat' dir='ltr'>est</span> <span class='ocrx_word' id='word_1_52' title='bbox 447 458 490 495; x_wconf 87' lang='lat' dir='ltr'>haec</span> <span class='ocrx_word' id='word_1_53' title='bbox 500 457 610 495; x_wconf 84' lang='lat' dir='ltr'>monasticae</span> <span class='ocrx_word' id='word_1_54' title='bbox 620 457 738 494; x_wconf 90' lang='lat' dir='ltr'>institutionis</span> <span class='ocrx_word' id='word_1_55' title='bbox 748 457 847 494; x_wconf 89' lang='lat' dir='ltr'>necessaria</span> <span class='ocrx_word' id='word_1_56' title='bbox 857 457 954 507; x_wconf 83' lang='lat' dir='ltr'>integritas,</span> 
     </span>
     <span class='ocr_line' id='line_1_7' title="bbox 222 516 956 567; baseline 0.003 -14"><span class='ocrx_word' id='word_1_57' title='bbox 222 530 292 554; x_wconf 86' lang='lat' dir='ltr'>causam</span> <span class='ocrx_word' id='word_1_58' title='bbox 306 517 414 563; x_wconf 84' lang='lat' dir='ltr'>rebellionis,</span> <span class='ocrx_word' id='word_1_59' title='bbox 425 528 442 555; x_wconf 94' lang='lat' dir='ltr'>et</span> <span class='ocrx_word' id='word_1_60' title='bbox 452 517 583 555; x_wconf 85' lang='lat' dir='ltr'>inobedientiae</span> <span class='ocrx_word' id='word_1_61' title='bbox 598 516 711 554; x_wconf 89' lang='lat' dir='ltr'>subditorum</span> <span class='ocrx_word' id='word_1_62' title='bbox 722 517 739 553; x_wconf 92' lang='lat' dir='ltr'>in</span> <span class='ocrx_word' id='word_1_63' title='bbox 750 527 802 565; x_wconf 89' lang='lat' dir='ltr'>caput</span> <span class='ocrx_word' id='word_1_64' title='bbox 811 528 914 567; x_wconf 87' lang='lat' dir='ltr'>retorquere</span> <span class='ocrx_word' id='word_1_65' title='bbox 927 531 956 567; x_wconf 85' lang='lat' dir='ltr'>pa·</span> 
     </span>
     <span class='ocr_line' id='line_1_8' title="bbox 220 576 955 626; baseline 0.003 -14"><span class='ocrx_word' id='word_1_66' title='bbox 220 577 279 613; x_wconf 88' lang='lat' dir='ltr'>storis.</span> <span class='ocrx_word' id='word_1_67' title='bbox 294 577 331 621; x_wconf 88' lang='lat' dir='ltr'>Qui</span> <span class='ocrx_word' id='word_1_68' title='bbox 344 589 396 614; x_wconf 86' lang='lat' dir='ltr'>veras</span> <span class='ocrx_word' id='word_1_69' title='bbox 410 588 436 614; x_wconf 87' lang='lat' dir='ltr'>est</span> <span class='ocrx_word' id='word_1_70' title='bbox 450 577 553 620; x_wconf 85' lang='lat' dir='ltr'>monachus,</span> <span class='ocrx_word' id='word_1_71' title='bbox 564 576 620 614; x_wconf 86' lang='lat' dir='ltr'>aliena</span> <span class='ocrx_word' id='word_1_72' title='bbox 630 586 697 613; x_wconf 86' lang='lat' dir='ltr'>temere</span> <span class='ocrx_word' id='word_1_73' title='bbox 711 589 747 614; x_wconf 90' lang='lat' dir='ltr'>non</span> <span class='ocrx_word' id='word_1_74' title='bbox 761 576 835 613; x_wconf 87' lang='lat' dir='ltr'>iudicat:</span> <span class='ocrx_word' id='word_1_75' title='bbox 850 587 866 614; x_wconf 91' lang='grc'>11</span> <span class='ocrx_word' id='word_1_76' title='bbox 880 579 910 626; x_wconf 87' lang='lat' dir='ltr'>qui</span> <span class='ocrx_word' id='word_1_77' title='bbox 924 578 955 614; x_wconf 93' lang='grc'>1111-</span> 
     </span>
     <span class='ocr_line' id='line_1_9' title="bbox 220 636 955 685; baseline 0.003 -13"><span class='ocrx_word' id='word_1_78' title='bbox 220 636 268 673; x_wconf 91' lang='lat' dir='ltr'>milis</span> <span class='ocrx_word' id='word_1_79' title='bbox 278 636 389 674; x_wconf 85' lang='lat' dir='ltr'>obedientiae</span> <span class='ocrx_word' id='word_1_80' title='bbox 403 636 449 674; x_wconf 83' lang='lat' dir='ltr'>filias</span> <span class='ocrx_word' id='word_1_81' title='bbox 464 648 497 682; x_wconf 87' lang='lat' dir='ltr'>est,</span> <span class='ocrx_word' id='word_1_82' title='bbox 509 649 569 673; x_wconf 88' lang='lat' dir='ltr'>causas</span> <span class='ocrx_word' id='word_1_83' title='bbox 580 636 682 674; x_wconf 90' lang='lat' dir='ltr'>rebellionis</span> <span class='ocrx_word' id='word_1_84' title='bbox 697 650 732 673; x_wconf 92' lang='lat' dir='ltr'>non</span> <span class='ocrx_word' id='word_1_85' title='bbox 747 636 832 685; x_wconf 57' lang='lat' dir='ltr'>explorat,</span> <span class='ocrx_word' id='word_1_86' title='bbox 846 637 883 681; x_wconf 87' lang='lat' dir='ltr'>Qui</span> <span class='ocrx_word' id='word_1_87' title='bbox 897 648 955 674; x_wconf 86' lang='grc'>11111111</span> 
     </span>
     <span class='ocr_line' id='line_1_10' title="bbox 220 695 956 745; baseline 0.001 -13"><span class='ocrx_word' id='word_1_88' title='bbox 220 695 331 744; x_wconf 86' lang='lat' dir='ltr'>passionibus</span> <span class='ocrx_word' id='word_1_89' title='bbox 345 697 401 732; x_wconf 89' lang='lat' dir='ltr'>carnis</span> <span class='ocrx_word' id='word_1_90' title='bbox 415 696 495 745; x_wconf 83' lang='lat' dir='ltr'>indulget</span> <span class='ocrx_word' id='word_1_91' title='bbox 509 709 627 740; x_wconf 83' lang='lat' dir='ltr'>consensum,</span> <span class='ocrx_word' id='word_1_92' title='bbox 642 709 733 745; x_wconf 89' lang='lat' dir='ltr'>nunquam</span> <span class='ocrx_word' id='word_1_93' title='bbox 748 705 806 745; x_wconf 90' lang='lat' dir='ltr'>potest</span> <span class='ocrx_word' id='word_1_94' title='bbox 824 697 924 745; x_wconf 86' lang='lat' dir='ltr'>quiescere:</span> <span class='ocrx_word' id='word_1_95' title='bbox 939 706 956 733; x_wconf 90' lang='lat' dir='ltr'>et</span> 
     </span>
     <span class='ocr_line' id='line_1_11' title="bbox 221 755 955 804; baseline 0.001 -13"><span class='ocrx_word' id='word_1_96' title='bbox 221 756 250 804; x_wconf 91' lang='lat' dir='ltr'>qui</span> <span class='ocrx_word' id='word_1_97' title='bbox 267 756 322 792; x_wconf 91' lang='lat' dir='ltr'>vitam</span> <span class='ocrx_word' id='word_1_98' title='bbox 340 765 427 793; x_wconf 91' lang='lat' dir='ltr'>scrutatur</span> <span class='ocrx_word' id='word_1_99' title='bbox 445 756 532 802; x_wconf 89' lang='lat' dir='ltr'>alienam,</span> <span class='ocrx_word' id='word_1_100' title='bbox 552 765 666 804; x_wconf 88' lang='lat' dir='ltr'>contemptor</span> <span class='ocrx_word' id='word_1_101' title='bbox 684 755 751 798; x_wconf 81' lang='lat' dir='ltr'>salutis</span> <span class='ocrx_word' id='word_1_102' title='bbox 764 765 791 791; x_wconf 90' lang='lat' dir='ltr'>est</span> <span class='ocrx_word' id='word_1_103' title='bbox 810 756 897 804; x_wconf 92' lang='lat' dir='ltr'>propriae.</span> <span class='ocrx_word' id='word_1_104' title='bbox 915 755 955 792; x_wconf 85' lang='lat' dir='ltr'>Mo-</span> 
     </span>
     <span class='ocr_line' id='line_1_12' title="bbox 220 813 956 853; baseline -0.001 -2"><span class='ocrx_word' id='word_1_105' title='bbox 220 816 286 852; x_wconf 89' lang='lat' dir='ltr'>nachus</span> <span class='ocrx_word' id='word_1_106' title='bbox 302 816 320 852; x_wconf 96' lang='lat' dir='ltr'>in</span> <span class='ocrx_word' id='word_1_107' title='bbox 337 816 370 852; x_wconf 86' lang='lat' dir='ltr'>Dei</span> <span class='ocrx_word' id='word_1_108' title='bbox 388 828 449 852; x_wconf 81' lang='lat' dir='ltr'>anmre</span> <span class='ocrx_word' id='word_1_109' title='bbox 465 814 548 852; x_wconf 82' lang='lat' dir='ltr'>fundatus</span> <span class='ocrx_word' id='word_1_110' title='bbox 566 828 603 852; x_wconf 92' lang='lat' dir='ltr'>non</span> <span class='ocrx_word' id='word_1_111' title='bbox 621 814 705 851; x_wconf 85' lang='lat' dir='ltr'>diiudicat</span> <span class='ocrx_word' id='word_1_112' title='bbox 719 813 822 851; x_wconf 87' lang='lat' dir='ltr'>mandatum</span> <span class='ocrx_word' id='word_1_113' title='bbox 840 816 924 853; x_wconf 90' lang='lat' dir='ltr'>senioris:</span> <span class='ocrx_word' id='word_1_114' title='bbox 938 824 956 851; x_wconf 92' lang='lat' dir='ltr'>et</span> 
     </span>
     <span class='ocr_line' id='line_1_13' title="bbox 221 874 954 924; baseline 0 -14"><span class='ocrx_word' id='word_1_115' title='bbox 221 876 250 923; x_wconf 94' lang='lat' dir='ltr'>qui</span> <span class='ocrx_word' id='word_1_116' title='bbox 268 874 360 912; x_wconf 83' lang='lat' dir='ltr'>Christum</span> <span class='ocrx_word' id='word_1_117' title='bbox 377 887 447 924; x_wconf 88' lang='lat' dir='ltr'>semper</span> <span class='ocrx_word' id='word_1_118' title='bbox 464 875 544 911; x_wconf 80' lang='lat' dir='ltr'>intuetur</span> <span class='ocrx_word' id='word_1_119' title='bbox 562 885 684 923; x_wconf 78' lang='lat' dir='ltr'>praesentem,</span> <span class='ocrx_word' id='word_1_120' title='bbox 703 887 763 920; x_wconf 90' lang='lat' dir='ltr'>suum,</span> <span class='ocrx_word' id='word_1_121' title='bbox 777 884 796 910; x_wconf 93' lang='lat' dir='ltr'>ut</span> <span class='ocrx_word' id='word_1_122' title='bbox 813 874 896 922; x_wconf 79' lang='lat' dir='ltr'>angelum</span> <span class='ocrx_word' id='word_1_123' title='bbox 912 875 954 917; x_wconf 80' lang='lat' dir='ltr'>Dei,</span> 
     </span>
     <span class='ocr_line' id='line_1_14' title="bbox 220 934 955 983; baseline 0 -13"><span class='ocrx_word' id='word_1_124' title='bbox 220 943 314 972; x_wconf 90' lang='lat' dir='ltr'>veneratur</span> <span class='ocrx_word' id='word_1_125' title='bbox 331 945 425 982; x_wconf 86' lang='lat' dir='ltr'>pastorem.</span> <span class='ocrx_word' id='word_1_126' title='bbox 445 934 523 971; x_wconf 80' lang='lat' dir='ltr'>tludacia</span> <span class='ocrx_word' id='word_1_127' title='bbox 541 934 650 971; x_wconf 87' lang='lat' dir='ltr'>monachum</span> <span class='ocrx_word' id='word_1_128' title='bbox 670 934 775 983; x_wconf 84' lang='lat' dir='ltr'>degenerat:</span> <span class='ocrx_word' id='word_1_129' title='bbox 797 944 813 971; x_wconf 92' lang='lat' dir='ltr'>et</span> <span class='ocrx_word' id='word_1_130' title='bbox 833 934 955 983; x_wconf 79' lang='lat' dir='ltr'>praesumptio</span> 
     </span>
     <span class='ocr_line' id='line_1_15' title="bbox 221 993 955 1042; baseline 0 -13"><span class='ocrx_word' id='word_1_131' title='bbox 221 994 287 1031; x_wconf 81' lang='lat' dir='ltr'>madtos</span> <span class='ocrx_word' id='word_1_132' title='bbox 301 994 319 1030; x_wconf 94' lang='lat' dir='ltr'>in</span> <span class='ocrx_word' id='word_1_133' title='bbox 333 1006 421 1030; x_wconf 81' lang='lat' dir='ltr'>carcerem</span> <span class='ocrx_word' id='word_1_134' title='bbox 435 994 563 1042; x_wconf 87' lang='lat' dir='ltr'>praecipitavit.</span> <span class='ocrx_word' id='word_1_135' title='bbox 578 994 678 1039; x_wconf 79' lang='lat' dir='ltr'>Monachus</span> <span class='ocrx_word' id='word_1_136' title='bbox 691 993 780 1042; x_wconf 89' lang='lat' dir='ltr'>petulans,</span> <span class='ocrx_word' id='word_1_137' title='bbox 790 993 870 1037; x_wconf 87' lang='lat' dir='ltr'>lascivus,</span> <span class='ocrx_word' id='word_1_138' title='bbox 885 1003 902 1029; x_wconf 92' lang='lat' dir='ltr'>et</span> <span class='ocrx_word' id='word_1_139' title='bbox 915 1005 955 1041; x_wconf 91' lang='lat' dir='ltr'>pro-</span> 
     </span>
     <span class='ocr_line' id='line_1_16' title="bbox 220 1054 954 1103; baseline 0 -14"><span class='ocrx_word' id='word_1_140' title='bbox 220 1063 280 1090; x_wconf 92' lang='lat' dir='ltr'>tervus</span> <span class='ocrx_word' id='word_1_141' title='bbox 297 1054 394 1090; x_wconf 87' lang='lat' dir='ltr'>sanctitatis</span> <span class='ocrx_word' id='word_1_142' title='bbox 413 1054 472 1090; x_wconf 88' lang='lat' dir='ltr'>amisit</span> <span class='ocrx_word' id='word_1_143' title='bbox 491 1054 615 1103; x_wconf 87' lang='lat' dir='ltr'>propositum:</span> <span class='ocrx_word' id='word_1_144' title='bbox 635 1064 652 1091; x_wconf 89' lang='lat' dir='ltr'>et</span> <span class='ocrx_word' id='word_1_145' title='bbox 672 1054 706 1090; x_wconf 91' lang='lat' dir='ltr'>nisi</span> <span class='ocrx_word' id='word_1_146' title='bbox 723 1063 817 1091; x_wconf 89' lang='lat' dir='ltr'>revocetur</span> <span class='ocrx_word' id='word_1_147' title='bbox 837 1054 858 1090; x_wconf 89' lang='lat' dir='ltr'>ad</span> <span class='ocrx_word' id='word_1_148' title='bbox 876 1063 954 1091; x_wconf 87' lang='lat' dir='ltr'>mentem</span> 
     </span>
     <span class='ocr_line' id='line_1_17' title="bbox 220 1106 954 1162; baseline 0.001 -13"><span class='ocrx_word' id='word_1_149' title='bbox 220 1113 263 1150; x_wconf 89' lang='lat' dir='ltr'>dura</span> <span class='ocrx_word' id='word_1_150' title='bbox 278 1114 392 1162; x_wconf 80' lang='lat' dir='ltr'>castigatione</span> <span class='ocrx_word' id='word_1_151' title='bbox 406 1106 470 1157; x_wconf 61' lang='lat' dir='ltr'>carnis,</span> <span class='ocrx_word' id='word_1_152' title='bbox 481 1113 545 1162; x_wconf 88' lang='lat' dir='ltr'>pedem</span> <span class='ocrx_word' id='word_1_153' title='bbox 559 1114 593 1150; x_wconf 87' lang='lat' dir='ltr'>iam</span> <span class='ocrx_word' id='word_1_154' title='bbox 607 1114 667 1161; x_wconf 88' lang='lat' dir='ltr'>posuit</span> <span class='ocrx_word' id='word_1_155' title='bbox 685 1113 707 1150; x_wconf 88' lang='lat' dir='ltr'>ad</span> <span class='ocrx_word' id='word_1_156' title='bbox 722 1113 817 1150; x_wconf 82' lang='lat' dir='ltr'>infernum.</span> <span class='ocrx_word' id='word_1_157' title='bbox 832 1114 868 1157; x_wconf 88' lang='lat' dir='ltr'>Qui</span> <span class='ocrx_word' id='word_1_158' title='bbox 883 1112 954 1150; x_wconf 77' lang='grc'>1111111111-</span> 
     </span>
     <span class='ocr_line' id='line_1_18' title="bbox 221 1170 955 1221; baseline 0.001 -14"><span class='ocrx_word' id='word_1_159' title='bbox 221 1181 258 1209; x_wconf 86' lang='grc'>111111</span> <span class='ocrx_word' id='word_1_160' title='bbox 269 1172 344 1209; x_wconf 90' lang='lat' dir='ltr'>senioris</span> <span class='ocrx_word' id='word_1_161' title='bbox 358 1172 427 1208; x_wconf 88' lang='lat' dir='ltr'>curiosa</span> <span class='ocrx_word' id='word_1_162' title='bbox 441 1173 540 1209; x_wconf 89' lang='lat' dir='ltr'>temeritate</span> <span class='ocrx_word' id='word_1_163' title='bbox 554 1170 644 1216; x_wconf 89' lang='lat' dir='ltr'>discernit,</span> <span class='ocrx_word' id='word_1_164' title='bbox 654 1185 691 1208; x_wconf 92' lang='lat' dir='ltr'>non</span> <span class='ocrx_word' id='word_1_165' title='bbox 701 1181 727 1209; x_wconf 89' lang='lat' dir='ltr'>est</span> <span class='ocrx_word' id='word_1_166' title='bbox 741 1172 832 1217; x_wconf 88' lang='lat' dir='ltr'>obediens,</span> <span class='ocrx_word' id='word_1_167' title='bbox 843 1182 860 1209; x_wconf 95' lang='lat' dir='ltr'>et</span> <span class='ocrx_word' id='word_1_168' title='bbox 873 1173 902 1221; x_wconf 90' lang='lat' dir='ltr'>qui</span> <span class='ocrx_word' id='word_1_169' title='bbox 913 1186 955 1209; x_wconf 89' lang='lat' dir='ltr'>con-</span> 
     </span>
     <span class='ocr_line' id='line_1_19' title="bbox 219 1232 954 1283; baseline 0.001 -15"><span class='ocrx_word' id='word_1_170' title='bbox 219 1232 299 1270; x_wconf 90' lang='lat' dir='ltr'>tristatur</span> <span class='ocrx_word' id='word_1_171' title='bbox 315 1232 335 1270; x_wconf 93' lang='lat' dir='ltr'>ad</span> <span class='ocrx_word' id='word_1_172' title='bbox 349 1234 450 1281; x_wconf 92' lang='lat' dir='ltr'>imperium,</span> <span class='ocrx_word' id='word_1_173' title='bbox 464 1245 500 1269; x_wconf 89' lang='lat' dir='ltr'>non</span> <span class='ocrx_word' id='word_1_174' title='bbox 515 1243 540 1270; x_wconf 95' lang='lat' dir='ltr'>est</span> <span class='ocrx_word' id='word_1_175' title='bbox 554 1246 606 1270; x_wconf 91' lang='lat' dir='ltr'>verus</span> <span class='ocrx_word' id='word_1_176' title='bbox 620 1233 687 1270; x_wconf 88' lang='lat' dir='ltr'>Christi</span> <span class='ocrx_word' id='word_1_177' title='bbox 701 1232 804 1282; x_wconf 89' lang='lat' dir='ltr'>discipulus.</span> <span class='ocrx_word' id='word_1_178' title='bbox 818 1234 865 1270; x_wconf 86' lang='lat' dir='ltr'>Vera</span> <span class='ocrx_word' id='word_1_179' title='bbox 878 1246 954 1283; x_wconf 81' lang='lat' dir='ltr'>aramque</span> 
     </span>
     <span class='ocr_line' id='line_1_20' title="bbox 220 1292 955 1340; baseline -0.001 -11"><span class='ocrx_word' id='word_1_180' title='bbox 220 1292 319 1329; x_wconf 86' lang='lat' dir='ltr'>obedientia</span> <span class='ocrx_word' id='word_1_181' title='bbox 335 1304 370 1329; x_wconf 90' lang='lat' dir='ltr'>non</span> <span class='ocrx_word' id='word_1_182' title='bbox 388 1301 497 1337; x_wconf 85' lang='lat' dir='ltr'>murmurat,</span> <span class='ocrx_word' id='word_1_183' title='bbox 516 1304 551 1328; x_wconf 88' lang='lat' dir='ltr'>non</span> <span class='ocrx_word' id='word_1_184' title='bbox 569 1292 651 1337; x_wconf 81' lang='lat' dir='ltr'>haesitat,</span> <span class='ocrx_word' id='word_1_185' title='bbox 670 1304 707 1328; x_wconf 89' lang='lat' dir='ltr'>non</span> <span class='ocrx_word' id='word_1_186' title='bbox 725 1292 815 1337; x_wconf 82' lang='lat' dir='ltr'>tristatur,</span> <span class='ocrx_word' id='word_1_187' title='bbox 833 1305 869 1329; x_wconf 88' lang='lat' dir='ltr'>non</span> <span class='ocrx_word' id='word_1_188' title='bbox 887 1293 955 1340; x_wconf 87' lang='lat' dir='ltr'>quaerit</span> 
     </span>
     <span class='ocr_line' id='line_1_21' title="bbox 220 1351 954 1398; baseline 0 -10"><span class='ocrx_word' id='word_1_189' title='bbox 220 1351 355 1398; x_wconf 78' lang='lat' dir='ltr'>diverticulum,</span> <span class='ocrx_word' id='word_1_190' title='bbox 369 1363 405 1388; x_wconf 90' lang='lat' dir='ltr'>non</span> <span class='ocrx_word' id='word_1_191' title='bbox 418 1351 484 1398; x_wconf 87' lang='lat' dir='ltr'>tardat,</span> <span class='ocrx_word' id='word_1_192' title='bbox 499 1364 534 1388; x_wconf 91' lang='lat' dir='ltr'>non</span> <span class='ocrx_word' id='word_1_193' title='bbox 549 1361 633 1397; x_wconf 80' lang='lat' dir='ltr'>excusat,</span> <span class='ocrx_word' id='word_1_194' title='bbox 648 1364 680 1388; x_wconf 91' lang='lat' dir='ltr'>nec</span> <span class='ocrx_word' id='word_1_195' title='bbox 694 1351 773 1388; x_wconf 89' lang='lat' dir='ltr'>ostendit</span> <span class='ocrx_word' id='word_1_196' title='bbox 787 1351 882 1388; x_wconf 88' lang='lat' dir='ltr'>minimum</span> <span class='ocrx_word' id='word_1_197' title='bbox 896 1352 954 1388; x_wconf 87' lang='lat' dir='ltr'>irresi-</span> 
     </span>
     <span class='ocr_line' id='line_1_22' title="bbox 219 1410 955 1461; baseline 0 -13"><span class='ocrx_word' id='word_1_198' title='bbox 219 1413 307 1460; x_wconf 85' lang='lat' dir='ltr'>gnationis</span> <span class='ocrx_word' id='word_1_199' title='bbox 325 1413 401 1461; x_wconf 89' lang='lat' dir='ltr'>signum.</span> <span class='ocrx_word' id='word_1_200' title='bbox 415 1411 445 1448; x_wconf 86' lang='lat' dir='ltr'>Ad</span> <span class='ocrx_word' id='word_1_201' title='bbox 463 1412 567 1448; x_wconf 86' lang='lat' dir='ltr'>mandatum</span> <span class='ocrx_word' id='word_1_202' title='bbox 585 1412 661 1448; x_wconf 85' lang='lat' dir='ltr'>senioris</span> <span class='ocrx_word' id='word_1_203' title='bbox 679 1424 712 1459; x_wconf 91' lang='lat' dir='ltr'>pro</span> <span class='ocrx_word' id='word_1_204' title='bbox 726 1410 792 1447; x_wconf 88' lang='lat' dir='ltr'>Christi</span> <span class='ocrx_word' id='word_1_205' title='bbox 811 1424 871 1448; x_wconf 91' lang='lat' dir='ltr'>amore</span> <span class='ocrx_word' id='word_1_206' title='bbox 885 1424 955 1460; x_wconf 89' lang='lat' dir='ltr'>semper</span> 
     </span>
     <span class='ocr_line' id='line_1_23' title="bbox 218 1470 953 1517; baseline 0 -9"><span class='ocrx_word' id='word_1_207' title='bbox 218 1471 291 1517; x_wconf 81' lang='lat' dir='ltr'>exultat,</span> <span class='ocrx_word' id='word_1_208' title='bbox 306 1473 382 1508; x_wconf 90' lang='lat' dir='ltr'>occurrit</span> <span class='ocrx_word' id='word_1_209' title='bbox 395 1471 445 1515; x_wconf 88' lang='lat' dir='ltr'>laete,</span> <span class='ocrx_word' id='word_1_210' title='bbox 456 1483 473 1508; x_wconf 89' lang='lat' dir='ltr'>et</span> <span class='ocrx_word' id='word_1_211' title='bbox 487 1484 528 1508; x_wconf 83' lang='lat' dir='ltr'>etna</span> <span class='ocrx_word' id='word_1_212' title='bbox 542 1470 656 1508; x_wconf 85' lang='lat' dir='ltr'>festinatione</span> <span class='ocrx_word' id='word_1_213' title='bbox 670 1470 730 1508; x_wconf 90' lang='lat' dir='ltr'>obedit</span> <span class='ocrx_word' id='word_1_214' title='bbox 744 1471 829 1508; x_wconf 88' lang='lat' dir='ltr'>hilariter.</span> <span class='ocrx_word' id='word_1_215' title='bbox 844 1471 893 1515; x_wconf 86' lang='lat' dir='ltr'>Quid</span> <span class='ocrx_word' id='word_1_216' title='bbox 905 1473 953 1509; x_wconf 89' lang='lat' dir='ltr'>enim</span> 
     </span>
     <span class='ocr_line' id='line_1_24' title="bbox 218 1530 954 1581; baseline 0.001 -14"><span class='ocrx_word' id='word_1_217' title='bbox 218 1530 265 1569; x_wconf 89' lang='lat' dir='ltr'>aliud</span> <span class='ocrx_word' id='word_1_218' title='bbox 283 1542 309 1569; x_wconf 86' lang='lat' dir='ltr'>est</span> <span class='ocrx_word' id='word_1_219' title='bbox 326 1532 434 1578; x_wconf 88' lang='lat' dir='ltr'>monachus,</span> <span class='ocrx_word' id='word_1_220' title='bbox 449 1545 502 1581; x_wconf 85' lang='lat' dir='ltr'>quana</span> <span class='ocrx_word' id='word_1_221' title='bbox 520 1541 597 1568; x_wconf 89' lang='lat' dir='ltr'>certator</span> <span class='ocrx_word' id='word_1_222' title='bbox 614 1530 706 1577; x_wconf 84' lang='lat' dir='ltr'>assiduus,</span> <span class='ocrx_word' id='word_1_223' title='bbox 721 1532 751 1580; x_wconf 91' lang='lat' dir='ltr'>qui</span> <span class='ocrx_word' id='word_1_224' title='bbox 764 1530 859 1567; x_wconf 90' lang='lat' dir='ltr'>virtutibus</span> <span class='ocrx_word' id='word_1_225' title='bbox 875 1541 954 1568; x_wconf 78' lang='lat' dir='ltr'>ariaratus</span> 
     </span>
     <span class='ocr_line' id='line_1_25' title="bbox 218 1589 953 1639; baseline 0.001 -13"><span class='ocrx_word' id='word_1_226' title='bbox 218 1590 329 1637; x_wconf 85' lang='lat' dir='ltr'>humilitatis,</span> <span class='ocrx_word' id='word_1_227' title='bbox 343 1601 359 1627; x_wconf 90' lang='lat' dir='ltr'>et</span> <span class='ocrx_word' id='word_1_228' title='bbox 372 1589 483 1627; x_wconf 84' lang='lat' dir='ltr'>obedientiae</span> <span class='ocrx_word' id='word_1_229' title='bbox 496 1603 567 1639; x_wconf 84' lang='lat' dir='ltr'>semper</span> <span class='ocrx_word' id='word_1_230' title='bbox 585 1591 603 1627; x_wconf 87' lang='lat' dir='ltr'>in</span> <span class='ocrx_word' id='word_1_231' title='bbox 617 1590 674 1626; x_wconf 90' lang='lat' dir='ltr'>stadio</span> <span class='ocrx_word' id='word_1_232' title='bbox 689 1590 790 1626; x_wconf 85' lang='lat' dir='ltr'>certaminis</span> <span class='ocrx_word' id='word_1_233' title='bbox 804 1589 876 1638; x_wconf 84' lang='lat' dir='ltr'>vigilat,</span> <span class='ocrx_word' id='word_1_234' title='bbox 890 1600 907 1627; x_wconf 84' lang='lat' dir='ltr'>et</span> <span class='ocrx_word' id='word_1_235' title='bbox 921 1590 953 1627; x_wconf 90' lang='lat' dir='ltr'>sub</span> 
     </span>
     <span class='ocr_line' id='line_1_26' title="bbox 218 1649 953 1698; baseline 0.001 -13"><span class='ocrx_word' id='word_1_236' title='bbox 218 1649 283 1698; x_wconf 92' lang='lat' dir='ltr'>triplici</span> <span class='ocrx_word' id='word_1_237' title='bbox 297 1651 333 1687; x_wconf 87' lang='lat' dir='ltr'>acie</span> <span class='ocrx_word' id='word_1_238' title='bbox 346 1651 404 1686; x_wconf 90' lang='lat' dir='ltr'>victor</span> <span class='ocrx_word' id='word_1_239' title='bbox 418 1658 478 1687; x_wconf 87' lang='lat' dir='ltr'>contra</span> <span class='ocrx_word' id='word_1_240' title='bbox 492 1650 609 1697; x_wconf 88' lang='lat' dir='ltr'>semetipsum</span> <span class='ocrx_word' id='word_1_241' title='bbox 623 1649 687 1686; x_wconf 80' lang='lat' dir='ltr'>fortius</span> <span class='ocrx_word' id='word_1_242' title='bbox 701 1650 779 1698; x_wconf 84' lang='lat' dir='ltr'>pugnat?</span> <span class='ocrx_word' id='word_1_243' title='bbox 793 1649 857 1686; x_wconf 85' lang='lat' dir='ltr'>Beatus</span> <span class='ocrx_word' id='word_1_244' title='bbox 871 1649 900 1686; x_wconf 87' lang='lat' dir='ltr'>ille</span> <span class='ocrx_word' id='word_1_245' title='bbox 915 1663 953 1686; x_wconf 92' lang='lat' dir='ltr'>mo-</span> 
     </span>
     <span class='ocr_line' id='line_1_27' title="bbox 218 1708 952 1758; baseline 0.001 -13"><span class='ocrx_word' id='word_1_246' title='bbox 218 1709 291 1755; x_wconf 78' lang='lat' dir='ltr'>nachuS,</span> <span class='ocrx_word' id='word_1_247' title='bbox 304 1710 334 1758; x_wconf 93' lang='lat' dir='ltr'>qui</span> <span class='ocrx_word' id='word_1_248' title='bbox 347 1710 383 1746; x_wconf 91' lang='lat' dir='ltr'>vim</span> <span class='ocrx_word' id='word_1_249' title='bbox 397 1709 430 1746; x_wconf 88' lang='lat' dir='ltr'>sihi</span> <span class='ocrx_word' id='word_1_250' title='bbox 443 1710 477 1757; x_wconf 90' lang='lat' dir='ltr'>ipsi</span> <span class='ocrx_word' id='word_1_251' title='bbox 490 1708 567 1754; x_wconf 80' lang='lat' dir='ltr'>facienS,</span> <span class='ocrx_word' id='word_1_252' title='bbox 580 1708 692 1746; x_wconf 85' lang='lat' dir='ltr'>voluntatem</span> <span class='ocrx_word' id='word_1_253' title='bbox 707 1710 764 1745; x_wconf 91' lang='lat' dir='ltr'>carnis</span> <span class='ocrx_word' id='word_1_254' title='bbox 782 1721 866 1758; x_wconf 89' lang='lat' dir='ltr'>superare</span> <span class='ocrx_word' id='word_1_255' title='bbox 884 1708 952 1755; x_wconf 89' lang='lat' dir='ltr'>didicit,</span> 
     </span>
     <span class='ocr_line' id='line_1_28' title="bbox 218 1767 953 1817; baseline 0 -12"><span class='ocrx_word' id='word_1_256' title='bbox 218 1778 235 1805; x_wconf 93' lang='lat' dir='ltr'>et</span> <span class='ocrx_word' id='word_1_257' title='bbox 248 1781 279 1817; x_wconf 88' lang='lat' dir='ltr'>per</span> <span class='ocrx_word' id='word_1_258' title='bbox 292 1770 397 1806; x_wconf 89' lang='lat' dir='ltr'>continuum</span> <span class='ocrx_word' id='word_1_259' title='bbox 411 1768 507 1817; x_wconf 91' lang='lat' dir='ltr'>spiritualis</span> <span class='ocrx_word' id='word_1_260' title='bbox 520 1767 594 1805; x_wconf 88' lang='lat' dir='ltr'>militiae</span> <span class='ocrx_word' id='word_1_261' title='bbox 608 1781 661 1804; x_wconf 88' lang='lat' dir='ltr'>usum</span> <span class='ocrx_word' id='word_1_262' title='bbox 678 1779 759 1805; x_wconf 89' lang='lat' dir='ltr'>montem</span> <span class='ocrx_word' id='word_1_263' title='bbox 773 1781 825 1805; x_wconf 86' lang='lat' dir='ltr'>verae</span> <span class='ocrx_word' id='word_1_264' title='bbox 843 1767 953 1805; x_wconf 87' lang='lat' dir='ltr'>obedientiae</span> 
     </span>
     <span class='ocr_line' id='line_1_29' title="bbox 218 1827 953 1876; baseline -0.001 -11"><span class='ocrx_word' id='word_1_265' title='bbox 218 1828 292 1865; x_wconf 88' lang='lat' dir='ltr'>arduum</span> <span class='ocrx_word' id='word_1_266' title='bbox 303 1828 410 1866; x_wconf 90' lang='lat' dir='ltr'>conscendit.</span> <span class='ocrx_word' id='word_1_267' title='bbox 424 1828 472 1865; x_wconf 82' lang='lat' dir='ltr'>Vere</span> <span class='ocrx_word' id='word_1_268' title='bbox 482 1827 580 1864; x_wconf 90' lang='lat' dir='ltr'>monachus</span> <span class='ocrx_word' id='word_1_269' title='bbox 589 1827 620 1864; x_wconf 91' lang='grc'>1111</span> <span class='ocrx_word' id='word_1_270' title='bbox 630 1827 698 1874; x_wconf 80' lang='lat' dir='ltr'>heatus,</span> <span class='ocrx_word' id='word_1_271' title='bbox 709 1828 739 1875; x_wconf 91' lang='lat' dir='ltr'>qui</span> <span class='ocrx_word' id='word_1_272' title='bbox 749 1829 856 1876; x_wconf 87' lang='lat' dir='ltr'>contemptis</span> <span class='ocrx_word' id='word_1_273' title='bbox 870 1828 953 1865; x_wconf 91' lang='lat' dir='ltr'>omnihus</span> 
     </span>
     <span class='ocr_line' id='line_1_30' title="bbox 218 1886 952 1936; baseline 0.001 -13"><span class='ocrx_word' id='word_1_274' title='bbox 218 1888 280 1925; x_wconf 75' lang='lat' dir='ltr'>mannii</span> <span class='ocrx_word' id='word_1_275' title='bbox 294 1887 361 1925; x_wconf 89' lang='lat' dir='ltr'>solatiis</span> <span class='ocrx_word' id='word_1_276' title='bbox 374 1900 393 1924; x_wconf 91' lang='lat' dir='ltr'>se</span> <span class='ocrx_word' id='word_1_277' title='bbox 407 1897 466 1925; x_wconf 89' lang='lat' dir='ltr'>totum</span> <span class='ocrx_word' id='word_1_278' title='bbox 479 1888 497 1924; x_wconf 89' lang='lat' dir='ltr'>in</span> <span class='ocrx_word' id='word_1_279' title='bbox 511 1899 572 1924; x_wconf 83' lang='lat' dir='ltr'>anmre</span> <span class='ocrx_word' id='word_1_280' title='bbox 588 1887 628 1924; x_wconf 90' lang='lat' dir='ltr'>lesu</span> <span class='ocrx_word' id='word_1_281' title='bbox 642 1886 709 1924; x_wconf 88' lang='lat' dir='ltr'>Christi</span> <span class='ocrx_word' id='word_1_282' title='bbox 724 1888 814 1936; x_wconf 89' lang='lat' dir='ltr'>reposuit,</span> <span class='ocrx_word' id='word_1_283' title='bbox 828 1898 845 1924; x_wconf 92' lang='lat' dir='ltr'>et</span> <span class='ocrx_word' id='word_1_284' title='bbox 858 1887 902 1925; x_wconf 94' lang='lat' dir='ltr'>nihil</span> <span class='ocrx_word' id='word_1_285' title='bbox 918 1890 952 1925; x_wconf 92' lang='lat' dir='ltr'>iam</span> 
     </span>
     <span class='ocr_line' id='line_1_31' title="bbox 218 1947 952 1996; baseline 0.003 -13"><span class='ocrx_word' id='word_1_286' title='bbox 218 1947 314 1984; x_wconf 85' lang='lat' dir='ltr'>visibilium</span> <span class='ocrx_word' id='word_1_287' title='bbox 328 1948 403 1995; x_wconf 75' lang='lat' dir='ltr'>anmlius</span> <span class='ocrx_word' id='word_1_288' title='bbox 418 1949 533 1996; x_wconf 87' lang='lat' dir='ltr'>concupiscit.</span> <span class='ocrx_word' id='word_1_289' title='bbox 547 1948 590 1985; x_wconf 87' lang='lat' dir='ltr'>Non</span> <span class='ocrx_word' id='word_1_290' title='bbox 604 1958 630 1989; x_wconf 81' lang='lat' dir='ltr'>est</span> <span class='ocrx_word' id='word_1_291' title='bbox 643 1948 774 1985; x_wconf 80' lang='lat' dir='ltr'>monachorum</span> <span class='ocrx_word' id='word_1_292' title='bbox 787 1948 864 1994; x_wconf 91' lang='lat' dir='ltr'>divitias,</span> <span class='ocrx_word' id='word_1_293' title='bbox 875 1947 952 1986; x_wconf 85' lang='lat' dir='ltr'>honores</span> 
     </span>
     <span class='ocr_line' id='line_1_32' title="bbox 218 2006 953 2056; baseline 0.003 -13"><span class='ocrx_word' id='word_1_294' title='bbox 218 2016 235 2043; x_wconf 91' lang='lat' dir='ltr'>et</span> <span class='ocrx_word' id='word_1_295' title='bbox 249 2006 349 2055; x_wconf 88' lang='lat' dir='ltr'>voluptates</span> <span class='ocrx_word' id='word_1_296' title='bbox 362 2008 380 2044; x_wconf 91' lang='lat' dir='ltr'>in</span> <span class='ocrx_word' id='word_1_297' title='bbox 392 2007 426 2045; x_wconf 92' lang='lat' dir='ltr'>hoc</span> <span class='ocrx_word' id='word_1_298' title='bbox 439 2007 506 2044; x_wconf 91' lang='lat' dir='ltr'>mundo</span> <span class='ocrx_word' id='word_1_299' title='bbox 521 2020 613 2056; x_wconf 78' lang='lat' dir='ltr'>quaerere3</span> <span class='ocrx_word' id='word_1_300' title='bbox 627 2020 659 2044; x_wconf 90' lang='lat' dir='ltr'>nec</span> <span class='ocrx_word' id='word_1_301' title='bbox 673 2007 723 2044; x_wconf 87' lang='lat' dir='ltr'>decet</span> <span class='ocrx_word' id='word_1_302' title='bbox 737 2007 815 2044; x_wconf 90' lang='lat' dir='ltr'>militem</span> <span class='ocrx_word' id='word_1_303' title='bbox 826 2007 892 2045; x_wconf 89' lang='lat' dir='ltr'>Christi</span> <span class='ocrx_word' id='word_1_304' title='bbox 906 2008 953 2045; x_wconf 89' lang='lat' dir='ltr'>aliud</span> 
     </span>
     <span class='ocr_line' id='line_1_33' title="bbox 217 2065 953 2116; baseline 0.003 -14"><span class='ocrx_word' id='word_1_305' title='bbox 217 2079 270 2114; x_wconf 86' lang='lat' dir='ltr'>quam</span> <span class='ocrx_word' id='word_1_306' title='bbox 284 2066 377 2103; x_wconf 87' lang='lat' dir='ltr'>Christum</span> <span class='ocrx_word' id='word_1_307' title='bbox 391 2068 475 2115; x_wconf 88' lang='lat' dir='ltr'>cogitare.</span> <span class='ocrx_word' id='word_1_308' title='bbox 489 2067 507 2104; x_wconf 86' lang='lat' dir='ltr'>O</span> <span class='ocrx_word' id='word_1_309' title='bbox 521 2066 631 2104; x_wconf 91' lang='lat' dir='ltr'>monachum</span> <span class='ocrx_word' id='word_1_310' title='bbox 644 2076 676 2112; x_wconf 87' lang='lat' dir='ltr'>ter,</span> <span class='ocrx_word' id='word_1_311' title='bbox 687 2076 783 2115; x_wconf 87' lang='lat' dir='ltr'>quaterque</span> <span class='ocrx_word' id='word_1_312' title='bbox 793 2065 869 2114; x_wconf 85' lang='lat' dir='ltr'>felicem,</span> <span class='ocrx_word' id='word_1_313' title='bbox 879 2068 908 2116; x_wconf 88' lang='lat' dir='ltr'>qai</span> <span class='ocrx_word' id='word_1_314' title='bbox 922 2080 953 2104; x_wconf 91' lang='lat' dir='ltr'>vo-</span> 
     </span>
     <span class='ocr_line' id='line_1_34' title="bbox 217 2125 953 2175; baseline 0.001 -13"><span class='ocrx_word' id='word_1_315' title='bbox 217 2125 302 2162; x_wconf 89' lang='lat' dir='ltr'>luntatem</span> <span class='ocrx_word' id='word_1_316' title='bbox 317 2138 349 2174; x_wconf 91' lang='lat' dir='ltr'>pro</span> <span class='ocrx_word' id='word_1_317' title='bbox 364 2126 430 2162; x_wconf 88' lang='lat' dir='ltr'>Christi</span> <span class='ocrx_word' id='word_1_318' title='bbox 444 2139 505 2163; x_wconf 75' lang='lat' dir='ltr'>:aratore</span> <span class='ocrx_word' id='word_1_319' title='bbox 519 2127 610 2175; x_wconf 88' lang='lat' dir='ltr'>propriam</span> <span class='ocrx_word' id='word_1_320' title='bbox 625 2125 715 2174; x_wconf 86' lang='lat' dir='ltr'>usquead</span> <span class='ocrx_word' id='word_1_321' title='bbox 729 2125 813 2162; x_wconf 91' lang='lat' dir='ltr'>ultimum</span> <span class='ocrx_word' id='word_1_322' title='bbox 827 2127 872 2163; x_wconf 91' lang='lat' dir='ltr'>vitae</span> <span class='ocrx_word' id='word_1_323' title='bbox 890 2127 953 2163; x_wconf 90' lang='lat' dir='ltr'>morti-</span> 
     </span>
     <span class='ocr_line' id='line_1_35' title="bbox 217 2184 952 2234; baseline 0.001 -13"><span class='ocrx_word' id='word_1_324' title='bbox 217 2184 266 2232; x_wconf 88' lang='lat' dir='ltr'>ficat,</span> <span class='ocrx_word' id='word_1_325' title='bbox 280 2195 297 2222; x_wconf 90' lang='lat' dir='ltr'>et</span> <span class='ocrx_word' id='word_1_326' title='bbox 315 2188 332 2222; x_wconf 91' lang='lat' dir='ltr'>in</span> <span class='ocrx_word' id='word_1_327' title='bbox 348 2199 390 2223; x_wconf 88' lang='lat' dir='ltr'>vera</span> <span class='ocrx_word' id='word_1_328' title='bbox 407 2186 508 2223; x_wconf 84' lang='lat' dir='ltr'>obedientia</span> <span class='ocrx_word' id='word_1_329' title='bbox 526 2185 598 2223; x_wconf 88' lang='grc'>11111111111</span> <span class='ocrx_word' id='word_1_330' title='bbox 616 2194 724 2234; x_wconf 87' lang='lat' dir='ltr'>perseverat.</span> <span class='ocrx_word' id='word_1_331' title='bbox 739 2186 832 2229; x_wconf 89' lang='lat' dir='ltr'>Quantam</span> <span class='ocrx_word' id='word_1_332' title='bbox 848 2187 870 2223; x_wconf 92' lang='lat' dir='ltr'>sit</span> <span class='ocrx_word' id='word_1_333' title='bbox 886 2186 952 2224; x_wconf 88' lang='lat' dir='ltr'>boumn</span> 
     </span>
     <span class='ocr_line' id='line_1_36' title="bbox 217 2244 952 2294; baseline 0.001 -13"><span class='ocrx_word' id='word_1_334' title='bbox 217 2258 276 2282; x_wconf 82' lang='lat' dir='ltr'>corana</span> <span class='ocrx_word' id='word_1_335' title='bbox 290 2246 329 2283; x_wconf 89' lang='lat' dir='ltr'>Deo</span> <span class='ocrx_word' id='word_1_336' title='bbox 343 2245 416 2283; x_wconf 89' lang='lat' dir='ltr'>humilis</span> <span class='ocrx_word' id='word_1_337' title='bbox 432 2245 542 2290; x_wconf 90' lang='lat' dir='ltr'>obedientia,</span> <span class='ocrx_word' id='word_1_338' title='bbox 556 2244 619 2282; x_wconf 88' lang='lat' dir='ltr'>fratres</span> <span class='ocrx_word' id='word_1_339' title='bbox 635 2245 681 2291; x_wconf 83' lang='lat' dir='ltr'>mei,</span> <span class='ocrx_word' id='word_1_340' title='bbox 697 2257 751 2282; x_wconf 85' lang='lat' dir='ltr'>netno</span> <span class='ocrx_word' id='word_1_341' title='bbox 768 2244 875 2282; x_wconf 87' lang='lat' dir='ltr'>sufficienter</span> <span class='ocrx_word' id='word_1_342' title='bbox 893 2255 952 2294; x_wconf 91' lang='lat' dir='ltr'>potest</span> 
     </span>
     <span class='ocr_line' id='line_1_37' title="bbox 217 2304 952 2356; baseline -0.001 -14"><span class='ocrx_word' id='word_1_343' title='bbox 217 2305 293 2351; x_wconf 83' lang='lat' dir='ltr'>edicere,</span> <span class='ocrx_word' id='word_1_344' title='bbox 304 2318 357 2356; x_wconf 90' lang='lat' dir='ltr'>quam</span> <span class='ocrx_word' id='word_1_345' title='bbox 371 2307 439 2342; x_wconf 88' lang='lat' dir='ltr'>cunctis</span> <span class='ocrx_word' id='word_1_346' title='bbox 448 2305 526 2342; x_wconf 89' lang='lat' dir='ltr'>victimis</span> <span class='ocrx_word' id='word_1_347' title='bbox 540 2304 600 2341; x_wconf 88' lang='lat' dir='ltr'>divina</span> <span class='ocrx_word' id='word_1_348' title='bbox 613 2305 719 2352; x_wconf 90' lang='lat' dir='ltr'>protestatio</span> <span class='ocrx_word' id='word_1_349' title='bbox 729 2304 786 2341; x_wconf 89' lang='lat' dir='ltr'>voluit</span> <span class='ocrx_word' id='word_1_350' title='bbox 795 2304 888 2352; x_wconf 86' lang='lat' dir='ltr'>praeferre.</span> <span class='ocrx_word' id='word_1_351' title='bbox 904 2304 952 2342; x_wconf 90' lang='lat' dir='ltr'>Obe-</span> 
     </span>
     <span class='ocr_line' id='line_1_38' title="bbox 216 2363 952 2414; baseline 0 -14"><span class='ocrx_word' id='word_1_352' title='bbox 216 2365 282 2401; x_wconf 89' lang='lat' dir='ltr'>dientia</span> <span class='ocrx_word' id='word_1_353' title='bbox 296 2375 328 2412; x_wconf 82' lang='lat' dir='ltr'>est,</span> <span class='ocrx_word' id='word_1_354' title='bbox 341 2378 385 2414; x_wconf 90' lang='lat' dir='ltr'>quae</span> <span class='ocrx_word' id='word_1_355' title='bbox 398 2366 476 2401; x_wconf 91' lang='lat' dir='ltr'>animam</span> <span class='ocrx_word' id='word_1_356' title='bbox 489 2365 528 2401; x_wconf 92' lang='lat' dir='ltr'>Deo</span> <span class='ocrx_word' id='word_1_357' title='bbox 543 2363 657 2410; x_wconf 88' lang='lat' dir='ltr'>reconciliat,</span> <span class='ocrx_word' id='word_1_358' title='bbox 670 2373 687 2400; x_wconf 92' lang='lat' dir='ltr'>et</span> <span class='ocrx_word' id='word_1_359' title='bbox 701 2373 772 2412; x_wconf 92' lang='lat' dir='ltr'>propter</span> <span class='ocrx_word' id='word_1_360' title='bbox 791 2363 895 2405; x_wconf 87' lang='lat' dir='ltr'>effusionem</span> <span class='ocrx_word' id='word_1_361' title='bbox 913 2376 952 2401; x_wconf 89' lang='lat' dir='ltr'>san-</span> 
     </span>
     <span class='ocr_line' id='line_1_39' title="bbox 120 2423 952 2473; baseline 0.007 -18"><span class='ocrx_word' id='word_1_362' title='bbox 120 2431 195 2471; x_wconf 72' lang='lat' dir='ltr'>¹aronacuus</span> <span class='ocrx_word' id='word_1_363' title='bbox 216 2425 275 2473; x_wconf 82' lang='lat' dir='ltr'>garinis</span> <span class='ocrx_word' id='word_1_364' title='bbox 293 2436 380 2473; x_wconf 81' lang='lat' dir='ltr'>martyres</span> <span class='ocrx_word' id='word_1_365' title='bbox 395 2435 474 2462; x_wconf 93' lang='lat' dir='ltr'>coronat.</span> <span class='ocrx_word' id='word_1_366' title='bbox 488 2424 589 2462; x_wconf 87' lang='lat' dir='ltr'>Monachus</span> <span class='ocrx_word' id='word_1_367' title='bbox 603 2426 649 2460; x_wconf 89' lang='lat' dir='ltr'>enim</span> <span class='ocrx_word' id='word_1_368' title='bbox 664 2424 694 2472; x_wconf 92' lang='lat' dir='ltr'>qui</span> <span class='ocrx_word' id='word_1_369' title='bbox 708 2436 726 2459; x_wconf 88' lang='lat' dir='ltr'>se</span> <span class='ocrx_word' id='word_1_370' title='bbox 741 2432 813 2472; x_wconf 86' lang='lat' dir='ltr'>propter</span> <span class='ocrx_word' id='word_1_371' title='bbox 826 2423 885 2461; x_wconf 88' lang='lat' dir='ltr'>Deum</span> <span class='ocrx_word' id='word_1_372' title='bbox 899 2437 952 2473; x_wconf 94' lang='lat' dir='ltr'>spon-</span> 
     </span>
     <span class='ocr_line' id='line_1_40' title="bbox 108 2466 952 2535; baseline 0 -16"><span class='ocrx_word' id='word_1_373' title='bbox 108 2466 195 2535; x_wconf 52' lang='lat' dir='ltr'>helidim</span> <span class='ocrx_word' id='word_1_374' title='bbox 216 2494 267 2521; x_wconf 90' lang='lat' dir='ltr'>tanea</span> <span class='ocrx_word' id='word_1_375' title='bbox 276 2484 368 2521; x_wconf 91' lang='lat' dir='ltr'>voluntate</span> <span class='ocrx_word' id='word_1_376' title='bbox 377 2495 480 2534; x_wconf 87' lang='lat' dir='ltr'>perpetuam</span> <span class='ocrx_word' id='word_1_377' title='bbox 490 2484 584 2532; x_wconf 77' lang='lat' dir='ltr'>religionis</span> <span class='ocrx_word' id='word_1_378' title='bbox 594 2482 714 2520; x_wconf 88' lang='lat' dir='ltr'>obedientiam</span> <span class='ocrx_word' id='word_1_379' title='bbox 725 2482 797 2531; x_wconf 86' lang='lat' dir='ltr'>obligat,</span> <span class='ocrx_word' id='word_1_380' title='bbox 807 2484 822 2519; x_wconf 92' lang='lat' dir='ltr'>si</span> <span class='ocrx_word' id='word_1_381' title='bbox 831 2484 880 2520; x_wconf 78' lang='lat' dir='ltr'>iuxta</span> <span class='ocrx_word' id='word_1_382' title='bbox 888 2494 952 2521; x_wconf 88' lang='lat' dir='ltr'>votum</span> 
     </span>
     <span class='ocr_line' id='line_1_41' title="bbox 108 2540 951 2593; baseline 0.001 -14"><span class='ocrx_word' id='word_1_383' title='bbox 108 2540 110 2542; x_wconf 45' lang='lat'>¹</span> <span class='ocrx_word' id='word_1_384' title='bbox 217 2555 264 2581; x_wconf 88' lang='lat' dir='ltr'>recte</span> <span class='ocrx_word' id='word_1_385' title='bbox 277 2546 327 2591; x_wconf 85' lang='lat' dir='ltr'>vivit,</span> <span class='ocrx_word' id='word_1_386' title='bbox 338 2545 425 2592; x_wconf 77' lang='lat' dir='ltr'>prolixum</span> <span class='ocrx_word' id='word_1_387' title='bbox 436 2556 483 2582; x_wconf 86' lang='lat' dir='ltr'>certe</span> <span class='ocrx_word' id='word_1_388' title='bbox 492 2545 600 2593; x_wconf 83' lang='lat' dir='ltr'>martyrium</span> <span class='ocrx_word' id='word_1_389' title='bbox 610 2553 675 2591; x_wconf 89' lang='lat' dir='ltr'>portat.</span> <span class='ocrx_word' id='word_1_390' title='bbox 690 2542 796 2579; x_wconf 82' lang='lat' dir='ltr'>Obedierrtia</span> <span class='ocrx_word' id='word_1_391' title='bbox 809 2544 863 2592; x_wconf 85' lang='lat' dir='ltr'>igitur</span> <span class='ocrx_word' id='word_1_392' title='bbox 876 2545 951 2580; x_wconf 89' lang='lat' dir='ltr'>estsine</span> 
     </span>
     <span class='ocr_line' id='line_1_42' title="bbox 217 2603 951 2652; baseline 0 -13"><span class='ocrx_word' id='word_1_393' title='bbox 217 2604 307 2652; x_wconf 84' lang='lat' dir='ltr'>sanguinis</span> <span class='ocrx_word' id='word_1_394' title='bbox 315 2603 401 2640; x_wconf 81' lang='lat' dir='ltr'>effusione</span> <span class='ocrx_word' id='word_1_395' title='bbox 412 2605 530 2652; x_wconf 78' lang='lat' dir='ltr'>martyrium3</span> <span class='ocrx_word' id='word_1_396' title='bbox 541 2613 558 2641; x_wconf 87' lang='lat' dir='ltr'>et</span> <span class='ocrx_word' id='word_1_397' title='bbox 567 2603 655 2639; x_wconf 87' lang='lat' dir='ltr'>subiicere</span> <span class='ocrx_word' id='word_1_398' title='bbox 665 2616 684 2639; x_wconf 92' lang='lat' dir='ltr'>se</span> <span class='ocrx_word' id='word_1_399' title='bbox 692 2603 761 2640; x_wconf 85' lang='lat' dir='ltr'>homini</span> <span class='ocrx_word' id='word_1_400' title='bbox 771 2613 843 2651; x_wconf 89' lang='lat' dir='ltr'>propter</span> <span class='ocrx_word' id='word_1_401' title='bbox 852 2604 911 2640; x_wconf 87' lang='lat' dir='ltr'>Deum</span> <span class='ocrx_word' id='word_1_402' title='bbox 921 2615 951 2640; x_wconf 92' lang='lat' dir='ltr'>vo-</span> 
     </span>
     <span class='ocr_line' id='line_1_43' title="bbox 218 2662 969 2712; baseline 0 -14"><span class='ocrx_word' id='word_1_403' title='bbox 218 2662 303 2708; x_wconf 85' lang='lat' dir='ltr'>luntarie,</span> <span class='ocrx_word' id='word_1_404' title='bbox 318 2664 373 2699; x_wconf 86' lang='lat' dir='ltr'>carnis</span> <span class='ocrx_word' id='word_1_405' title='bbox 391 2664 453 2712; x_wconf 84' lang='lat' dir='ltr'>ingens</span> <span class='ocrx_word' id='word_1_406' title='bbox 471 2673 497 2701; x_wconf 89' lang='lat' dir='ltr'>est</span> <span class='ocrx_word' id='word_1_407' title='bbox 511 2673 627 2700; x_wconf 85' lang='lat' dir='ltr'>tormentum.</span> <span class='ocrx_word' id='word_1_408' title='bbox 641 2664 716 2706; x_wconf 82' lang='lat' dir='ltr'>Anirmt,</span> <span class='ocrx_word' id='word_1_409' title='bbox 731 2676 774 2711; x_wconf 88' lang='lat' dir='ltr'>quae</span> <span class='ocrx_word' id='word_1_410' title='bbox 788 2662 919 2708; x_wconf 88' lang='lat' dir='ltr'>humilitatem,</span> <span class='ocrx_word' id='word_1_411' title='bbox 934 2673 951 2698; x_wconf 86' lang='lat' dir='ltr'>et</span> <span class='ocrx_word' id='word_1_412' title='bbox 968 2680 969 2684; x_wconf 46' lang='lat'>¹</span> 
     </span>
    </p>
   </div>
   <div class='ocr_carea' id='block_1_3' title="bbox 0 0 988 3023">
    <p class='ocr_par' dir='ltr' id='par_1_3' title="bbox 0 0 988 3023">
     <span class='ocr_line' id='line_1_44' title="bbox 0 0 988 3023; baseline 0 2"><span class='ocrx_word' id='word_1_413' title='bbox 0 0 988 3023; x_wconf 95' lang='lat' dir='ltr'> </span> 
     </span>
    </p>
   </div>
  </div>
 </body>
</html>
