1968 3023
392 132 469 170 Haurilt'a
483 132 539 170 XIIII.
814 146 835 182 97

76 247 80 255 .
98 213 232 263 perfectionem.
246 216 267 252 Et
281 216 321 265 quis
334 225 413 252 vestrum
427 225 475 251 tanta
488 215 564 263 puritate
578 215 632 261 vivit,
646 226 732 264 quantum
749 215 836 265 perfectio

97 275 194 312 monastica
211 275 297 325 requirit?
311 275 382 312 Grande
400 283 493 323 peccatum
511 283 537 311 est
555 273 652 320 monacho,
666 275 680 310 si
698 289 707 312 a
725 274 835 323 perfectione

97 342 181 371 conatum
199 347 251 371 suum
265 335 373 383 deposuerit,
387 334 402 370 si
416 333 526 383 negligenter
540 334 558 370 iu
572 334 682 371 monasterio
696 335 765 381 vixerit,
779 335 793 371 si
807 333 835 371 vel

97 406 152 429 unum
170 394 254 439 canonis,
269 404 286 430 et
299 393 390 443 Evangelii
404 392 507 431 mandatum
521 403 642 442 transgressus
656 393 714 431 fuerit.
729 394 750 430 Et
764 394 803 443 quis
817 395 834 431 in

96 451 146 489 vobis
161 463 193 500 est,
203 452 271 500 fratres,
281 455 310 503 qui
320 454 420 496 Dominum
429 454 487 490 Deum
501 463 549 490 tanta
562 453 670 496 sinceritate,
683 462 730 490 tanta
744 453 835 500 charitate,

96 521 181 561 tantoque
194 512 256 561 diligat
270 512 340 551 fervore
353 513 425 560 amoris,
439 514 484 550 sicut
498 512 555 550 homo
568 511 662 557 factorem,
672 522 689 550 et
702 512 834 561 redemptorem

97 584 149 608 suum
163 581 234 609 tenetur
248 572 332 622 diligere?
346 573 383 609 Aut
396 585 450 622 quern
464 571 526 609 dabitis
540 571 584 609 mihi
598 585 620 608 ex
635 571 719 609 omnibus
736 571 791 618 vobis,
805 572 834 621 qui

96 643 132 668 non
149 632 223 669 excedat
236 632 331 681 aliquando
344 633 372 669 vel
385 633 404 669 in
418 631 457 669 cibo
471 632 568 678 sumendo,
581 631 610 669 vel
624 632 641 668 in
656 642 700 682 potu
716 632 766 681 plus,
781 645 833 681 quarn

96 691 194 740 integritati
208 692 291 740 congruit
304 692 447 728 monachorum?
459 691 506 736 ‘Quis
520 700 598 728 vestrum
611 704 647 728 non
657 691 732 728 offendit
741 692 758 728 in
769 690 834 729 verbo?

96 759 126 785 aut
139 750 178 798 quis
191 763 228 787 non
242 761 315 787 vexatur
328 750 422 799 aliquando
436 750 574 799 cogitationibus
590 750 654 787 malis?
668 751 728 795 Quem
746 752 764 788 in
782 750 833 787 vobis

96 822 132 847 nott
145 810 233 858 percussit
250 808 317 847 acidia?
331 820 347 846 et
360 822 414 858 quem
431 810 487 846 tristis
505 823 540 847 non
556 809 632 846 turbavit
648 810 733 859 pigritia?
747 811 794 855 Quis
808 822 834 848 est

96 868 131 915 ille,
145 882 198 918 quem
212 869 230 905 in
243 869 276 905 hac
290 881 343 917 parva
357 869 494 918 congregatione
507 878 586 905 vestrum
605 881 641 906 non
659 879 719 918 tangat
737 870 801 916 elatio,
816 882 833 907 et

95 941 148 977 quem
158 941 195 965 non
205 926 246 964 facit
256 928 367 976 impatientia
375 927 484 977 frequentius
494 930 649 966 murmurantem?
661 928 767 967 Consideret
780 943 834 967 unus-
852 927 858 938 ¹

96 988 170 1036 quisque
184 996 264 1024 vestrum
282 987 354 1023 semitas
369 987 508 1024 conversationis
521 1000 571 1033 suae,
585 998 602 1023 et
617 988 696 1024 inveniet
709 1001 728 1024 se
741 989 759 1025 in
773 989 834 1025 multis

96 1045 175 1095 quolibet
188 1045 242 1082 etiam
260 1055 354 1083 momento
368 1045 477 1095 delinquere.
491 1046 540 1090 Quid
553 1047 600 1083 enim
615 1047 630 1083 si
643 1046 688 1084 nihil
702 1047 744 1084 mali
759 1050 834 1085 commi·

47 1133 48 1136 η
72 1143 76 1148 ,
95 1107 137 1143 serit
147 1105 259 1143 monachus?
269 1106 318 1150 Quid
326 1106 341 1142 si
351 1106 438 1143 mundum
448 1120 467 1143 se
476 1107 580 1144 custodierit
589 1106 610 1143 ab
621 1106 656 1144 hoc
664 1107 737 1144 saeculo
746 1109 834 1156 nequam?

95 1165 185 1202 Perfectus
200 1177 288 1202 essenon
302 1166 375 1213 poterit,
389 1166 433 1212 nisi,
447 1175 464 1202 et
478 1179 487 1202 a
500 1166 547 1204 malo
561 1166 682 1211 declinaverit,
698 1177 714 1204 et
728 1166 795 1205 bonum
809 1167 834 1205 fe-

95 1225 143 1268 cerit,
153 1225 202 1273 quod
216 1225 253 1261 eius
268 1224 354 1273 perfectio
364 1225 443 1273 requirit.
454 1225 536 1262 Alterum
545 1226 594 1262 enim
603 1226 642 1263 sine
651 1225 707 1263 altero
716 1239 753 1263 uon
763 1226 833 1271 sufficit,

95 1285 125 1322 sed
143 1298 164 1321 ex
183 1294 261 1334 utroque
278 1283 364 1333 perfectio
381 1286 398 1322 in
415 1285 489 1322 homine
507 1286 603 1334 consurgit.
618 1286 693 1323 Summo
707 1287 761 1335 igitur
774 1286 833 1324 studio

95 1343 146 1381 nobis
159 1357 230 1393 semper
243 1344 373 1393 invigilandum
387 1355 413 1381 est
426 1344 496 1389 fratres,
506 1355 525 1381 ut
534 1343 663 1382 satisfaciamus
673 1345 783 1382 institutioni
795 1359 833 1382 san-

95 1414 165 1442 ctorum
179 1413 260 1453 patrum,
274 1403 372 1440 secundum
390 1416 443 1453 quam
461 1404 521 1441 vivere
538 1416 571 1441 nos
589 1404 701 1452 professione
718 1404 788 1452 publica
804 1418 832 1442 so·
863 1442 866 1455 ,ι

95 1463 177 1500 lemniter
191 1461 320 1511 obligavimus,
335 1473 421 1512 quatenus
435 1462 456 1499 ad
470 1462 599 1511 perfectionem
613 1462 664 1500 nobis
679 1465 789 1512 propositam
804 1478 831 1501 co·

94 1532 157 1560 natum
170 1532 252 1560 nostrum
266 1523 304 1559 siue
318 1523 451 1559 intermissione
461 1522 563 1571 dirigamus.
573 1524 614 1561 Non
623 1523 701 1560 retrahat
710 1536 743 1560 nos
753 1537 762 1560 a
771 1533 833 1561 sancto

95 1591 161 1619 cortatu
174 1582 257 1630 propriae
271 1580 378 1618 infirmitatis
391 1591 463 1618 nostrae
477 1581 604 1628 consideratio,
619 1583 661 1631 quia
670 1595 707 1619 nou
716 1584 776 1619 miuus
786 1583 833 1620 adiu-

93 1654 157 1678 vamur
169 1641 227 1689 gratia
240 1640 331 1686 creatoris,
342 1653 396 1689 quam
406 1650 468 1678 nostro
478 1654 568 1678 curramus
579 1641 672 1679 desiderio
683 1641 740 1678 Sicuti
753 1636 833 1691 quotidie

94 1703 112 1738 in
125 1700 187 1738 multis
201 1700 273 1749 quidem
287 1699 406 1749 negligentius
420 1700 542 1738 conversando
556 1699 633 1749 qualibet
643 1702 738 1739 occasione
747 1701 832 1751 delinqui-

94 1774 139 1804 mus,
152 1761 176 1797 ita
190 1759 265 1808 singulis
279 1772 351 1808 quoque
364 1760 461 1796 momentis
474 1773 483 1796 a
497 1768 569 1809 torpore
583 1760 648 1797 mentis
659 1770 778 1810 resurgentes,
792 1774 831 1798 san-

94 1829 142 1856 ctum
156 1828 241 1856 conatum
250 1819 268 1855 in
277 1818 325 1855 bono
335 1819 428 1867 proposito
439 1830 553 1856 renovemus.
565 1819 700 1868 Coniungamus
714 1821 780 1857 sanctis
794 1833 832 1857 ora-

93 1878 171 1915 tionibus
189 1877 300 1926 lachrymas,
315 1887 332 1914 et
345 1877 378 1914 Dei
391 1890 461 1925 semper
479 1878 565 1915 auxilium
585 1878 654 1915 devotis
672 1878 831 1927 supplicationibus

94 1939 204 1975 invocemus
218 1937 329 1975 Charitatem
342 1937 360 1973 in
374 1936 456 1974 omnibus
470 1937 590 1974 custodiamus
604 1936 732 1981 inviolabilem,
747 1939 831 1987 quoniam

93 1998 131 2046 ipsa
144 2006 177 2043 est,
192 2009 238 2046 quae
251 1996 383 2033 multitudinem
398 1997 456 2044 operit
469 2006 590 2044 peccatorum.
604 1997 683 2046 Singulis
697 1996 758 2034 diebus
775 1996 831 2034 bonus

94 2057 162 2094 Christi
180 2056 242 2103 miles,
256 2057 286 2106 qui
300 2057 379 2094 Domino
393 2069 426 2093 suo
440 2058 488 2104 cupit
501 2069 539 2093 esse
553 2056 620 2100 fidelis,
635 2058 762 2095 conscientiam
780 2071 829 2095 suam

93 2116 114 2153 ad
128 2117 187 2153 minus
201 2116 257 2153 semel
270 2115 382 2153 discutiendo
394 2116 488 2162 examinet,
500 2127 517 2151 et
527 2127 613 2165 quantum
627 2117 645 2153 in
659 2126 721 2154 sancto
735 2115 831 2165 profecerit

94 2175 189 2222 desiderio,
203 2175 231 2212 vel
245 2174 329 2212 defecerit
343 2188 364 2212 eo
377 2173 412 2221 die,
422 2174 524 2223 diligentius
538 2186 605 2223 penset.
620 2175 697 2219 Quoties
711 2188 754 2212 vero
769 2176 831 2224 depre-

93 2235 175 2273 henderit
188 2248 206 2272 se
220 2234 316 2284 deliquisse
329 2235 347 2271 in
360 2235 429 2284 aliquo,
443 2234 537 2271 confestim
553 2245 592 2284 agat
605 2236 744 2283 poenitentiam,
759 2246 829 2272 etcum

93 2284 190 2343 lachrymis
200 2308 209 2331 a
218 2294 298 2331 Domino
312 2294 391 2343 postulet
404 2295 542 2331 miserationem.
555 2294 598 2331 Non
611 2292 686 2330 dubium
699 2303 781 2342 expectet
794 2307 831 2331 cra-

93 2355 160 2391 stinum
173 2354 220 2390 salus
234 2352 326 2396 hodierna,
336 2354 392 2402 etqui
404 2353 464 2390 statim
478 2363 536 2401 potest
549 2352 629 2390 iuvenire
643 2353 720 2397 veniam,
730 2353 831 2390 nullatenus

93 2414 195 2463 interponat
209 2412 320 2450 dilationem.
330 2412 388 2449 Corde
397 2424 439 2448 tnoa
449 2412 507 2449 doleat
521 2425 539 2448 se
553 2424 635 2460 peccasse
650 2421 711 2448 contra
725 2412 830 2456 Dominum,

93 2483 183 2517 sanctum,
192 2485 264 2522 quoque
277 2485 325 2509 novo
339 2472 409 2509 fervore
425 2473 498 2508 innovet
513 2472 633 2520 propositum,
648 2470 735 2520 illumque
748 2471 795 2508 diem
811 2485 830 2508 se

93 2531 191 2582 perdidisse
205 2533 287 2579 paenitus
301 2532 394 2575 existimet,
404 2533 466 2580 inquo
476 2544 494 2567 se
504 2531 568 2568 melior
577 2531 687 2579 proficiendo
699 2544 735 2568 non
749 2533 830 2569 evaserit.

93 2591 167 2640 Semper
180 2591 198 2627 in
212 2602 243 2626 ore
253 2590 337 2627 Monachi
351 2599 432 2627 versetur
444 2591 507 2632 oratio,
518 2591 535 2626 in
544 2589 597 2626 corde
610 2589 633 2625 sit
647 2590 693 2638 iugis
708 2591 830 2638 compunctiO,

92 2651 113 2687 ab
130 2650 186 2688 oculis
204 2649 307 2698 lachrymae
324 2650 424 2687 devotionis
443 2650 526 2687 continue
544 2648 630 2694 defluant,
645 2660 662 2686 et
678 2650 745 2687 interni
762 2652 829 2687 amoris

779 2758 784 2779 7

867 2426 939 2451 Monachus

852 2460 910 2494 qnotidie
925 2469 938 2486 se

852 2496 899 2522 melior
908 2495 934 2521 liat.
