1968 3023
188 176 221 203 roa
308 174 309 177 ’
358 165 383 203 Da
397 165 504 211 abstinentia,
520 172 534 202 st
547 166 607 203 itittniu
621 165 742 203 ratusrachonuu.

184 254 296 291 voraverunt,
310 255 339 281 aut
353 243 462 294 porcum,ut
476 246 535 283 cibum
549 246 666 282 aestimaretis
675 246 693 283 in
703 245 760 294 culpa,
768 244 799 281 sed
808 243 915 281 vilissimum

184 318 258 353 pomum
272 313 333 342 contra
350 306 384 343 Dei
401 306 505 350 mandatum
522 314 688 353 praesumpserunt,
702 317 737 354 quo
751 317 786 341 nou
800 315 868 348 escam,
882 301 914 338 sed

184 366 282 413 appetitum
294 366 352 402 sciatis
362 365 461 405 obnoxium
470 379 509 402 esse
518 366 563 402 vitio
573 365 645 413 peccati.
654 365 709 414 Saepe
719 377 795 414 namque
803 363 841 400 fieri
850 369 920 411 potest,

184 434 203 461 ut
216 425 279 474 aliquis
292 428 348 464 honio
361 426 446 464 lautiores
461 425 509 463 cibos
523 426 560 461 sine
574 424 625 473 culpa
638 434 706 471 sumat,
719 425 762 461 dum
777 423 875 472 appetitum
889 433 915 473 re-

184 485 237 533 gulae
247 487 277 534 qui
287 485 360 523 viliores
369 499 405 524 uon
414 487 451 522 sine
462 485 580 523 conscientiae
590 494 639 529 reatu
648 484 727 533 percipit,
738 496 779 520 curn
787 481 915 531 temperantiae

80 551 163 578 uoniamci-
185 544 259 581 modum
272 558 303 594 per
316 546 473 582 immoderantiam
489 544 563 581 excedit.
581 543 634 581 Unde
651 557 703 580 nemo
716 553 795 580 vestrum
812 555 830 578 se
848 541 915 577 avitio

75 585 163 647 &distringi
183 604 235 652 gulae
249 615 342 653 propterea
356 606 444 642 existimet
457 617 546 650 securum,
555 604 596 653 quia
609 616 641 640 uec
654 603 700 640 lauta
713 603 777 639 cibaria
790 600 874 645 comedit,
883 612 915 636 uec

75 655 120 695 pentir
135 657 163 682 ¹³⁰·
184 662 263 710 delicata,
277 678 318 701 cum
331 677 367 701 nou
385 664 440 710 cibus,
458 663 488 700 sed
506 664 595 713 appetitus
612 661 645 700 cibi
660 662 744 700 habeatur
757 664 774 699 in
788 661 844 710 culpa.
858 659 914 696 Valde

75 698 118 715 nimus
138 700 163 717 nec

75 711 162 760 ¹³¹¹¹ti¹²¹0v1
184 735 259 772 namque
276 722 360 772 possibile
375 733 401 760 est
419 723 556 760 manducantem
574 721 631 769 fabas,
649 733 665 759 et
683 723 731 761 olera
748 732 839 771 peccatum
856 730 914 757 reatus

74 759 162 821 iidrqshllis
183 785 294 830 contrahere,
305 795 322 821 et
330 798 371 821 aves
380 787 398 822 in
407 784 446 822 cibo
456 795 557 821 sumentem
571 784 625 820 alium
639 784 772 821 delicatissimas
785 796 820 819 nou
834 792 913 830 peccare.

74 837 107 854 ”¹⁰⁵¹
183 844 229 880 Hinc
243 844 314 893 quidam
328 854 430 881 sanctorum
443 855 513 893 patrum
528 843 579 880 dicit:
590 842 703 887 Quibuslibet
712 844 756 880 escis
766 842 844 891 repletus
853 849 914 876 venter

182 903 277 939 seminaria
290 903 369 939 luxuriae
382 904 436 951 parit:
447 916 479 939 nec
488 902 578 951 praevalet
591 916 641 939 mens
655 903 781 939 discretionum
795 898 913 949 gubernacula

182 961 272 998 utoderari
286 961 366 999 ciborum
379 962 458 1011 pondere
468 962 575 1011 praefocata.
584 962 625 999 Non
635 963 682 999 enim
691 962 729 999 sola
739 961 809 1010 crapula
817 960 854 997 vini
863 971 912 995 men-

182 1031 219 1056 tem
234 1020 321 1058 inebriare
339 1022 441 1066 consuevit,
456 1034 519 1058 verum
538 1022 592 1058 etiam
611 1031 714 1059 cunctarum
733 1033 813 1058 escarum
830 1019 912 1055 nimietas

182 1080 300 1127 vacillantem,
313 1094 333 1117 ac
346 1080 467 1118 nutabundam
481 1094 520 1117 eam
534 1080 597 1124 reddit,
611 1082 696 1131 omnique
710 1081 821 1130 integritatis,
831 1091 851 1114 ac
860 1079 912 1126 puri-

182 1141 222 1176 tatis
240 1140 390 1189 contemplatione
407 1141 482 1178 omnino
500 1140 593 1188 despoliat.
610 1140 706 1189 Propterea
725 1152 788 1189 magua
806 1137 913 1174 discretione

182 1212 227 1246 opus
241 1209 274 1245 est,
289 1210 308 1236 ut
321 1209 338 1236 et
352 1201 421 1249 corpori
436 1199 484 1236 cibus
503 1199 587 1236 duntaxat
603 1199 715 1250 impendatur
732 1199 811 1236 advitae
825 1205 913 1233 sustenta-

181 1259 249 1295 tionem
262 1258 376 1301 necessarius',
391 1268 407 1295 et
420 1258 478 1295 nullus
492 1257 613 1306 indulgentiae
626 1257 657 1296 fiat
670 1272 757 1295 excessus.
767 1258 813 1294 Hinc
823 1257 847 1293 ait
855 1256 912 1293 Divus

180 1318 226 1365 Papa
236 1318 341 1367 Gregorius:
351 1317 426 1367 Magnus
436 1319 548 1355 discretionis
558 1317 608 1354 labor
618 1329 644 1355 est
653 1319 731 1355 exactori
745 1316 824 1354 ciborum
834 1316 910 1363 corpori,

180 1387 197 1413 et
210 1376 276 1426 aliquid
288 1376 398 1424 impendere,
413 1387 430 1414 et
445 1377 511 1426 aliquid
525 1377 619 1426 denegare,
630 1388 647 1414 et
660 1391 696 1414 non
705 1377 762 1414 dando
775 1387 855 1414 naturam
869 1388 911 1412 enu-

180 1437 228 1473 trire.
242 1437 275 1472 Per
288 1435 412 1473 abstinentiam
426 1438 500 1485 quippe,
515 1437 557 1472 vitia
575 1437 692 1485 extinguenda
710 1446 756 1482 sunt,
773 1449 810 1473 tion
827 1448 879 1480 caro;
894 1446 911 1472 et

180 1508 210 1544 per
224 1495 283 1532 cibum
297 1508 360 1543 corpus
374 1496 457 1533 alendum
472 1506 505 1541 est,
520 1509 557 1533 non
571 1505 647 1544 peccata.
661 1496 689 1533 Sic
702 1509 746 1544 ergo
759 1508 831 1532 neccsse
844 1505 878 1540 est,
891 1504 910 1531 ut

179 1565 235 1591 artem
250 1555 370 1591 continentiae
383 1555 482 1592 monachus
492 1556 510 1592 in
519 1556 566 1591 victu
580 1565 643 1599 teneat,
654 1565 739 1604 quatenus
749 1567 785 1592 non
794 1566 869 1596 carnem,
879 1554 910 1590 sed

175 1610 221 1650 'vitia
235 1614 308 1650 occidat.
322 1614 378 1662 Saepe
391 1615 439 1651 enim
453 1614 496 1651 dum
511 1615 528 1651 iu
543 1627 594 1651 carne
607 1609 676 1651 hostem
691 1615 818 1662 persequimur,
828 1613 910 1662 spiritum

178 1671 285 1718 devotionis,
300 1686 353 1721 quent
365 1672 464 1722 diligimus,
472 1686 503 1721 per
512 1672 648 1710 immoderatam
662 1673 785 1710 abstinentiam
799 1684 859 1708 severe
873 1680 909 1707 tru-

178 1732 263 1769 cidamus.
277 1732 350 1781 Saepius
364 1733 418 1769 etiarn
432 1732 474 1769 dum
489 1733 537 1769 carni
550 1733 625 1769 nimium
640 1734 773 1781 compatientes,
783 1732 832 1781 quasi
842 1732 909 1768 concivi
947 1766 949 1768 .

177 1793 272 1840 parcimus,
286 1792 307 1828 ad
320 1791 407 1840 praelium
418 1803 480 1829 contra
491 1805 525 1829 nos
538 1792 610 1829 hostem
619 1794 722 1833 enutrimus.
733 1793 841 1829 Dominaute
849 1801 908 1827 autem

176 1851 228 1900 gulae
241 1852 292 1896 vitio,
307 1864 366 1897 omne,
379 1851 427 1900 quod
443 1852 524 1888 homines
538 1851 608 1888 fortiter
621 1863 701 1901 egerunt,
714 1851 795 1900 perdunt,
807 1851 852 1900 quia,
866 1850 908 1887 dum

177 1922 238 1948 venter
251 1924 287 1948 non
300 1912 418 1960 restringitur,
432 1911 486 1948 simul
500 1924 562 1948 omues
576 1912 651 1949 virtutes
665 1910 769 1949 obruuntur.
781 1911 826 1947 Nam
835 1910 857 1947 ad
867 1923 908 1947 con-

176 1969 244 2006 flictum
258 1969 354 2018 spiritualis
367 1971 430 2019 agonis
443 1983 480 2007 rron
494 1971 598 2019 assurgitur,
608 1971 622 2006 si
635 1983 672 2008 nou
684 1971 731 2007 iutra
744 1971 863 2018 nosmetipsos
877 1982 908 2018 po-

176 2030 220 2065 situs
233 2029 301 2073 hostis,
320 2028 371 2077 gulae
391 2029 474 2066 videlicet
493 2030 588 2078 appetitus,
608 2042 639 2078 pet
651 2043 690 2073 nos,
710 2030 780 2066 iuvante
799 2030 845 2074 Deo,
859 2029 907 2076 prius

175 2089 279 2125 edometur:
294 2089 386 2137 quoniam,
397 2090 431 2125 uisi
445 2095 469 2132 ea,
484 2102 529 2137 quae
542 2089 594 2125 nobis
608 2100 649 2126 sunt
659 2089 750 2136 viciniora,
759 2090 907 2138 superaverimus,

175 2148 250 2184 inaniter
263 2147 284 2183 ad
298 2161 322 2191 ea,
336 2161 380 2196 quae
392 2159 432 2184 sunt
442 2148 512 2197 longius
522 2149 586 2196 posita,
595 2150 691 2196 pugnaturi
700 2148 808 2185 festinamus
817 2149 907 2185 incassum

174 2220 250 2256 nauaque
261 2209 322 2244 contra
335 2216 429 2244 extraneos
443 2208 526 2244 inimicos
540 2206 607 2243 bellum
620 2208 638 2244 in
652 2220 714 2255 campo
724 2208 798 2256 geritur,
808 2207 849 2244 dum
862 2200 908 2244 iutra

175 2266 222 2303 urbis
231 2268 302 2305 moenia
311 2267 353 2303 civis
363 2267 448 2304 insidians
458 2265 548 2304 habeatur.
558 2268 672 2305 Daemouum
682 2267 756 2304 insultus
768 2280 858 2316 nunquam
869 2268 907 2304 viu-
951 2289 956 2293 ·

174 2327 237 2371 cimus,
251 2327 285 2363 nisi
298 2324 358 2375 gulam
372 2327 421 2375 prius
435 2328 453 2363 in
466 2326 601 2375 nobismetipsis
615 2339 724 2375 superemus.
734 2327 792 2364 Nemo
801 2340 826 2374 se,
838 2326 906 2370 fratres,

173 2380 220 2422 inani
228 2385 343 2433 persuasione
356 2386 435 2431 seducat,
444 2395 463 2421 ut
473 2386 519 2421 inter
528 2384 581 2429 fabas,
592 2394 609 2420 et
619 2384 667 2421 olera
681 2385 740 2422 credat
753 2398 788 2422 non
798 2399 835 2422 esse
845 2399 906 2434 pecca-

172 2455 217 2489 tum,
228 2445 242 2480 si
252 2444 321 2480 animus
328 2444 383 2481 nimia
392 2444 439 2481 laxet
448 2444 541 2492 voluptate
551 2444 660 2492 percipiendi
672 2445 776 2493 appetitum.
786 2445 832 2481 Nam
842 2443 906 2493 ubique

172 2513 231 2550 potest
244 2504 262 2540 in
275 2502 363 2540 sumendo
377 2517 415 2541 esse
428 2514 492 2547 reatus,
508 2504 551 2540 dum
565 2503 611 2540 ultra
627 2513 698 2540 naturae
711 2517 793 2541 normam
807 2504 906 2541 extenditur

172 2564 265 2611 appetitus.
279 2563 323 2599 Ecce
338 2576 407 2601 carnem
421 2565 459 2600 sive
473 2565 491 2600 in
506 2564 675 2617 uronasterio,sive
688 2574 735 2600 extra
747 2577 837 2614 nunquam
847 2577 906 2600 come-
926 2605 931 2611 Α

173 2621 243 2658 dimus:
257 2622 314 2671 pisces
331 2622 360 2659 hic
379 2624 397 2659 iu
415 2636 456 2662 rure
472 2617 568 2670 campestii
586 2624 675 2660 rarissime
688 2623 778 2662 videmus:
794 2637 847 2661 nemo
861 2624 906 2661 iuter

170 2694 203 2718 nos
216 2693 294 2730 uuquam
308 2681 383 2718 lautiora
395 2681 439 2719 vidit
453 2681 516 2719 cibaria
521 2698 525 2729 3
540 2682 614 2720 delicata
627 2683 699 2730 habere,
710 2698 742 2721 nec
757 2698 860 2733 possumus,
873 2697 905 2722 nec
