1968 3023
83 722 156 748 Mmffl

69 757 156 790 sfflmm

69 798 156 817 mmmm

69 826 153 861 mfflQn

184 163 219 197 166
428 161 453 196 De
466 161 550 197 serenitate
564 160 673 197 eeezseientier.

182 241 265 283 moritur,
275 240 305 288 qui
319 240 336 275 in
350 240 434 276 exercitio
449 239 582 280 diviniamoris
592 253 662 288 semper
675 238 709 276 fuit
722 239 809 285 solicitus,
824 250 841 276 et
854 241 871 276 in
885 239 915 276 ob-

180 300 268 336 servantia
286 299 410 336 mandatorum
425 300 457 336 Dei
473 300 522 336 onem
540 310 621 348 tempore
639 298 737 335 studiosus.
752 298 804 335 Solus
822 299 868 335 etaim
882 299 916 335 Dei

180 370 230 395 artior
244 357 265 395 ad
279 370 355 407 regnum
365 358 456 395 coelorum
465 359 602 403 intromittitur;
618 367 634 394 et
649 367 715 406 qtranto
729 358 747 394 in
761 356 850 405 diligendo
866 371 915 394 mens

180 416 233 453 luerit
246 417 351 463 ferventior,
361 428 410 454 tanto
420 430 488 454 merces
502 418 519 453 in
533 430 590 466 reguo
600 417 692 454 coelorum
703 418 736 454 erit
746 418 808 454 rnaior.
819 417 855 461 Qui
869 417 914 453 mul-

179 485 217 513 tum
228 476 293 525 diligit,
303 477 379 514 multum
389 477 461 525 recipit:
476 477 532 525 etqui
542 490 589 513 rrrrrrc
598 467 662 513 tatinus
668 476 730 525 diligit,
741 477 794 513 etiam
804 485 846 512 tunc
855 477 914 513 utinus

179 546 205 572 est
219 545 323 584 recepturus
338 537 355 573 in
368 536 429 584 gloria,
444 536 535 580 Quantum
550 549 593 585 ergo
608 537 682 585 quisque
697 546 761 585 potest,
775 549 796 572 en
809 546 847 573 toto
861 536 914 573 corde

178 608 217 639 suo,
232 605 248 632 et
263 609 283 632 ex
297 605 335 633 tota
348 596 406 632 anima
419 608 457 637 sua,
472 605 489 631 et
503 609 524 632 ex
539 604 576 632 tota
590 596 695 633 fortitudine
709 604 778 632 tantum
792 596 860 644 diligat,
873 596 913 644 quia

178 668 214 692 nou
228 655 293 703 tepide,
307 668 343 692 non
357 656 434 704 segniter
447 656 495 692 Dens
508 665 570 692 noster
584 655 670 692 amandus
684 665 717 701 est,
731 655 761 692 sed
777 655 872 701 ferventer,
887 669 913 691 sa-

178 715 254 762 pienter,
269 724 286 750 et
300 714 380 751 dulciter.
390 715 447 751 Atuor
460 724 519 751 autem
533 715 566 751 Dei
580 713 701 763 spiritualibus
714 716 782 761 crescit,
798 726 814 752 et
828 728 921 764 augmen·

178 783 225 810 tatur
243 772 506 823 exercitiis,qtietnadmodum
524 772 606 811 fomento
625 774 716 824 lignorum
734 774 796 811 ardens
814 775 911 812 extenditur

178 832 230 881 ignis.
240 833 341 879 Enimvero,
350 833 365 869 si
375 832 421 881 ligna
431 831 562 876 subtrahantur,
572 834 618 882 iguis
628 834 749 881 extinguitur:
764 843 781 870 et
791 835 804 870 si
814 835 911 882 spiritualia
953 856 954 859 =

177 893 319 928 intermittantur
337 893 425 938 exercitia,
441 905 483 929 mox
500 892 576 928 charitas
593 891 713 941 nattlragatur,
730 894 785 929 Artior
803 902 862 929 antem
878 894 911 930 Dei

176 963 229 987 verus
243 964 335 1000 nunquam
349 960 375 988 est
389 951 467 996 ociosus,
478 950 509 987 sed
522 952 572 988 omm
585 961 666 1000 tempore
680 952 697 987 in
711 950 744 997 his,
754 965 797 1000 qttae
807 951 910 988 charitatem

176 1011 265 1056 nutrium,
280 1020 297 1047 et
311 1020 422 1056 conservant,
436 1010 562 1047 delectabiliter
575 1019 678 1059 occupatus.
688 1011 764 1047 Amator
777 1012 823 1047 enim
837 1012 870 1047 Dei
884 1012 910 1047 sui

176 1071 230 1106 amati
247 1083 338 1118 antitiquum
356 1069 471 1113 obliviscitur,
486 1069 516 1106 sed
534 1071 572 1106 eius
590 1071 715 1118 praesentiam,
729 1080 746 1107 et
759 1070 909 1118 pulchritudinem

153 1167 158 1175 ,
176 1143 246 1178 semper
256 1130 358 1175 meditatur,
368 1140 384 1166 et
394 1130 427 1165 iam
442 1130 459 1165 in
473 1128 582 1166 orationibus
592 1129 713 1167 devotissimis
723 1130 744 1166 ad
753 1130 811 1167 lesum
825 1130 908 1179 loquitur,

153 1226 155 1228 ,
175 1189 211 1225 iam
225 1190 243 1225 in
257 1189 349 1237 scripturis
363 1189 427 1224 sanctis
441 1188 542 1237 loquentem
552 1188 603 1224 illum
617 1187 649 1224 sibi
664 1188 766 1226 adrniratur.
776 1189 833 1225 Verus
844 1188 909 1226 Christi

83 1794 150 1819 mmm

63 1829 150 1854 mmmm

63 1863 149 1888 mmm-

63 1904 148 1931 qmma

62 1932 149 1965 pmmw

62 1972 149 2000 mmm-

62 2007 149 2035 mmmm

61 2035 149 2070 mmmm

62 2077 116 2096 mm

175 1258 245 1284 amator
263 1247 296 1290 die,
311 1261 330 1284 ac
344 1258 396 1284 nocte
414 1247 508 1283 meditatur
522 1249 539 1284 in
556 1248 595 1295 lege
609 1248 689 1293 Domini,
703 1257 720 1284 et
734 1249 798 1291 onmia,
813 1261 856 1297 quae
870 1249 908 1285 Deo

175 1307 244 1355 placere
258 1307 345 1356 intelligit,
360 1320 400 1343 cum
413 1320 483 1343 surnma
496 1307 587 1356 diligentia
600 1307 648 1344 facit.
662 1308 679 1345 Ο
693 1321 745 1356 quam
765 1307 840 1344 dulciter
853 1308 908 1353 ardet,

174 1380 227 1415 quem
241 1367 274 1403 Dei
287 1379 337 1403 amor
354 1367 440 1403 veraciter
457 1366 584 1403 inflammavit?
600 1379 653 1414 quam
672 1368 750 1403 suaviter
767 1376 841 1412 aestuat,
858 1367 907 1403 cuius

174 1435 253 1462 mentem
272 1426 343 1474 spiritns
361 1427 415 1462 sancti
432 1425 503 1461 flamma
522 1425 610 1462 incendit?
627 1426 691 1462 Beatus
709 1425 737 1462 ille
756 1426 860 1470 nromchus,
878 1427 907 1474 qui

173 1485 236 1533 plenus
255 1485 310 1521 divini
328 1486 412 1521 amorisa
426 1486 500 1521 terrenis
517 1484 623 1521 vanitatibus
640 1498 659 1520 se
675 1495 733 1521 rotun]
751 1484 843 1531 subtrahit,
860 1496 876 1522 et
890 1486 906 1522 in

172 1544 235 1581 umbra
249 1544 329 1581 coelestis
348 1544 429 1582 desiderii
447 1545 527 1593 quiescit.
541 1545 559 1582 O
573 1546 588 1581 si
602 1557 682 1580 amorem
696 1544 799 1581 haberemus
813 1545 834 1581 ad
848 1546 906 1581 Deum

171 1613 208 1640 tam
222 1604 294 1650 fortem,
307 1605 403 1652 integrum,
417 1614 434 1640 et
448 1605 578 1647 vehementem,
589 1604 634 1640 sicut
648 1604 711 1648 insani,
727 1613 743 1640 et
757 1604 805 1640 stulti
817 1614 905 1641 amatores

171 1663 193 1699 ad
206 1676 246 1699 suas
260 1662 351 1712 possident
365 1662 488 1711 corruptibiles
502 1663 600 1707 amatrices,
615 1676 690 1711 quarum
704 1662 792 1699 desiderio
806 1662 905 1711 frequenter

171 1732 277 1767 aestuantes,
291 1724 366 1772 turpiter
380 1724 475 1766 insaniunt,
489 1732 506 1759 et
520 1723 567 1759 nulla
581 1724 633 1759 huius
647 1723 709 1759 ruttmli
725 1722 805 1760 scandala
823 1724 905 1770 pertime-

171 1792 230 1819 scunt.
244 1784 302 1819 Amor
315 1793 374 1819 autem
388 1783 422 1819 Dei
435 1779 542 1819 tortiorest
556 1782 647 1828 omnibus,
662 1783 675 1818 si
692 1781 744 1819 fuerit
758 1783 775 1818 in
788 1781 838 1819 nobis
855 1795 905 1819 vera·

171 1842 215 1877 citer
230 1841 323 1879 radicatus.
338 1842 452 1890 Quicumque
464 1841 563 1878 Dominum
577 1842 636 1878 Deum
654 1842 741 1877 veraciter
758 1840 904 1890 diligitsemper

171 1901 188 1936 in
202 1901 290 1937 rnernoria
307 1913 337 1937 sua
355 1902 418 1937 retinet
435 1901 473 1937 eius
490 1901 619 1937 amarissimam
638 1901 750 1949 passionem,
764 1901 804 1948 qtiia
821 1900 865 1936 nihil
881 1902 903 1937 ita

169 1959 268 2007 perlecrrtm
286 1961 303 1996 in
322 1959 375 1997 corde
393 1960 470 1995 hominis
484 1960 517 1995 Dei
531 1970 590 1996 causat
608 1950 696 2003 aratorem,
710 1959 754 1996 nihil
767 1960 792 1995 sic
806 1972 865 1996 veram
879 1960 904 1996 iu-

170 2018 218 2054 ducit
232 2020 398 2067 compunctionem,
412 2020 457 2055 sicut
471 2018 600 2056 beneficiorum
613 2019 647 2055 Dei
661 2030 752 2067 nunquam
765 2019 864 2055 intermissa
878 2032 903 2056 re-

169 2077 255 2115 cordatio,
266 2078 339 2126 Semper
352 2079 410 2127 itaque
424 2079 447 2114 sit
460 2078 477 2113 in
491 2078 577 2114 tuernoria
587 2089 616 2114 tua
626 2078 713 2125 passionis
723 2077 790 2114 Christi
804 2079 903 2126 conscripta

169 2138 228 2180 series,
244 2146 260 2174 et
274 2137 309 2174 hoc
322 2136 395 2173 verbum
409 2137 430 2174 de
443 2150 473 2173 ore
486 2147 518 2173 tuo
531 2150 622 2186 autequam
637 2136 717 2173 recedat:
733 2136 803 2174 Olesu
821 2137 902 2173 crucifixe

169 2209 219 2233 artior
233 2210 290 2242 meus,
304 2209 335 2244 per
348 2197 503 2234 innocentissimae
516 2198 579 2234 mortis
590 2207 630 2233 tuae
639 2196 724 2232 virtutem
738 2197 822 2233 miserere
835 2198 875 2240 mei,
885 2207 902 2232 et

169 2256 196 2293 fac
210 2271 239 2294 me
254 2271 327 2294 servum
341 2268 391 2294 tuum
405 2257 481 2296 fidelem.

337 2388 362 2416 De
373 2387 456 2416 serenitate
466 2387 573 2417 cereseieniine.
585 2387 657 2416 Hernilz'a
669 2386 732 2415 XXIV.
750 2420 751 2424 Ἰ

222 2508 270 2532 noun
283 2494 334 2532 nobis
347 2495 459 2532 solicitudine
469 2494 579 2544 vigilandum
592 2504 625 2540 est,
636 2494 698 2531 fratres
709 2493 812 2539 charissimi,
827 2507 843 2532 et
857 2509 898 2533 con-

167 2502 279 2592 Munna
293 2554 407 2591 meditatione
422 2554 523 2598 curandum,
538 2565 557 2591 ut
570 2554 697 2591 conscientiam
712 2562 797 2599 nostram,
808 2555 857 2591 cuius
870 2564 896 2590 te-

164 2614 270 2650 stimonium
288 2612 410 2662 subterfugere
427 2626 463 2649 noir
480 2626 581 2661 possumus,
600 2612 620 2649 ab
639 2612 689 2649 omui
707 2613 812 2660 contagione
830 2614 896 2661 peccati

136 2707 137 2711 ,
164 2671 250 2709 mundum
263 2685 339 2721 semper,
352 2683 369 2708 et
383 2672 515 2710 immaculatam
528 2672 656 2710 custodiamus.
669 2670 720 2708 Nihil
737 2672 784 2707 enim
800 2673 896 2720 pulchrius,
