1968 3023
187 176 223 222 246
376 174 404 212 Dt
416 179 459 212 stata
473 181 487 212 et
500 174 550 212 aaziae
563 174 647 213 taratrastici
660 172 728 213 ordinis.

93 263 167 304 ripasque
185 254 265 292 tionibus
273 256 392 299 occasionem,
400 256 486 300 favorem,
495 254 595 305 consilium,
603 255 726 306 attulliumque
732 257 827 304 praestitit,
836 256 920 295 damnum

79 297 167 367 iimildfilci
186 316 221 351 hoc
234 313 369 363 irrecuperabile
383 315 450 362 ordini,
461 324 478 352 et
487 324 549 352 sancto
562 315 658 352 Benedicto
672 314 723 352 fecit:
738 315 786 352 Dicit
800 317 847 353 enim
861 316 920 367 regula

78 367 167 428 'Jissffffilffi
186 374 242 411 iuris:
259 375 296 419 Qui
315 375 428 412 occasionem
449 375 509 411 damni
522 375 560 421 dat,
574 374 659 411 dammam
677 373 746 411 dedisse
760 375 836 414 videtur.
856 376 919 413 Sancto

78 437 166 506 reggpqptssg:
187 434 241 483 igitur
260 433 356 482 legislatori
375 434 549 489 rnonacliorumhii
565 434 608 471 tales
623 433 704 479 obnoxii,
719 444 736 471 et
751 434 773 471 ad
788 435 919 472 restitutionem

78 512 168 546 asmonasrc-
187 494 254 530 astricti
267 492 350 539 viderint,
359 492 513 543 quemadmodum
523 494 540 530 in
550 503 629 531 extremo
640 493 709 531 ludicio
719 494 765 538 Deo,
775 505 792 531 et
805 495 869 531 sanctis
882 496 919 532 eius

78 540 167 601 Εζξζξξζξῗξ
186 552 316 603 respondeant,
331 566 408 602 quorum
421 552 467 590 bona
480 552 584 601 temporalia
598 552 639 598 sibi,
655 552 682 589 vel
696 544 734 589 aliis
748 553 813 590 iniuste
828 563 919 603 usurpant.

78 610 158 637 dicabantur.
186 614 224 650 Vae
237 622 297 650 autern
310 612 352 658 illis,
366 613 396 661 qui
408 612 468 649 aliena
483 612 548 649 iniuste
561 611 632 656 tollunt,
646 625 691 661 quae
705 613 769 649 necin
783 612 816 649 bac
828 614 873 658 vita,
887 626 919 650 nec

186 673 204 709 iu
215 672 274 710 futura
283 685 361 722 unquam
374 672 448 709 reddere
457 681 538 720 possunt.
548 671 584 708 Vae
596 681 655 708 autern
664 670 715 709 vobis
725 673 818 709 monachis
830 674 919 722 apostatis,

186 742 203 769 et
212 731 310 781 abnegatis,
320 732 350 781 qui
363 733 390 769 ius
400 730 515 776 confunditis,
525 731 631 780 aequitatem
643 730 740 781 despicitis,
749 731 809 776 fidem,
819 743 836 770 et
849 742 919 782 pactum

185 791 262 829 violatis.

309 921 369 951 Contra
379 920 452 954 libantes,
464 922 491 958 qni
500 921 594 958 Aponiasiae
604 923 717 952 amaacaoram
727 931 798 957 saturatur,

249 981 265 1009 et
274 980 429 1010 ditatembraliaaz'btrs
442 981 577 1010 attonasterioram
588 990 619 1011 aaa
630 990 647 1010 sc
657 982 742 1018 opponant.
776 981 827 1018 Capta!
839 982 855 1011 V.

95 1094 133 1121 naen.
146 1104 166 1122 11.
188 1094 249 1183 Aa)
262 1101 294 1126 vos
307 1102 361 1134 nunc,
376 1103 387 1126 o
401 1088 489 1136 Abbates,
503 1103 552 1127 tneus
570 1090 651 1138 dirigitur
664 1103 731 1136 sermo,
745 1091 775 1140 qui
789 1091 918 1128 riroriachorum

78 1144 166 1171 Praetutian-
249 1159 349 1185 vestrorum
362 1148 409 1185 mala
422 1148 481 1185 studia
494 1161 530 1186 non
544 1148 638 1198 corrigitis,
648 1150 678 1198 qui
692 1163 755 1187 eorum
769 1151 867 1199 apostasiae
880 1163 919 1188 con-

77 1180 166 1249 iliiilgiie
185 1207 262 1253 sentitis,
277 1207 306 1255 qui
320 1217 337 1243 et
350 1207 383 1256 ipsi
397 1220 438 1244 cunr
452 1207 487 1243 illis
500 1206 522 1261 ab
534 1206 595 1244 ordine
610 1209 720 1256 apostatatis.
736 1209 754 1247 Ο
767 1208 817 1245 Abba
830 1219 889 1258 pastor
902 1218 919 1245 et

77 1249 165 1319 ifflffiffi
185 1265 262 1312 idolum,
272 1266 302 1315 qui
311 1280 332 1303 ex
341 1265 404 1303 ovibus
413 1266 472 1314 lup05,
482 1279 502 1303 ex
516 1267 607 1303 monachis
620 1267 709 1304 seculares
723 1266 772 1304 facis.
788 1268 837 1312 Quid
846 1281 919 1317 respon-

77 1320 165 1379 ppprpertca-
186 1324 235 1362 debis
253 1338 324 1362 summo
337 1325 416 1372 Pastori,
431 1338 472 1362 curn
492 1326 581 1362 rationein
594 1325 709 1363 villicationis
727 1336 768 1363 tuae
784 1326 857 1364 reddere
870 1340 918 1364 com-

185 1384 248 1434 pulsus
261 1384 325 1422 fueris?
338 1384 388 1429 Quid
397 1385 463 1422 Sancto
472 1384 568 1421 Benedicto
578 1397 620 1421 oves
633 1398 673 1421 suas
682 1398 692 1421 a
701 1395 718 1422 te
727 1385 827 1435 reposcenti
841 1384 919 1422 dicturus

186 1446 214 1482 es?
225 1444 327 1483 Monachos
336 1457 346 1480 a
354 1455 372 1481 te
381 1445 466 1493 requiret,
476 1456 511 1481 non
522 1444 624 1480 canonicos:
638 1443 687 1488 Quid
701 1444 726 1481 illi
739 1454 781 1481 tuuc
793 1444 918 1492 respondebis?

185 1504 271 1542 Monachi
279 1517 301 1541 ue
312 1513 353 1541 suut
363 1505 457 1541 canonici?
471 1503 518 1540 Cum
532 1505 600 1540 venerit
613 1504 650 1541 dies
660 1504 690 1540 illa
700 1505 768 1541 cunctis
782 1503 860 1541 timenda
873 1516 919 1541 rnor-

184 1563 255 1610 talibus‚
262 1577 296 1614 qua
305 1564 361 1601 iustus
369 1564 424 1600 ludex
434 1564 530 1612 uuicuique
539 1562 600 1600 reddet
609 1563 706 1600 secundum
718 1576 771 1612 opera
780 1576 817 1609 sua,
827 1563 918 1613 legislator

184 1623 313 1661 triorrachorum
326 1622 439 1669 Benedictus,
453 1635 489 1659 tion
503 1622 578 1669 dubites,
592 1631 609 1659 te
622 1624 701 1670 graviter
714 1621 811 1668 accusabit,
825 1622 918 1659 adversum

183 1694 200 1720 te
212 1682 297 1732 producet
310 1692 364 1719 testes
378 1695 442 1719 ouanes
455 1681 554 1719 monachos
567 1695 618 1719 veros
633 1681 700 1718 ordinis
715 1683 748 1720 sui.
762 1682 799 1726 Qui
812 1683 918 1720 unanimiter

184 1741 284 1779 clamabunt
301 1742 322 1779 ad
339 1741 426 1779 itulicem:
445 1742 493 1778 Iuste
510 1741 565 1778 Iudex
583 1742 622 1778 lesu
638 1741 719 1785 Christe,
733 1742 763 1791 qui
781 1742 841 1779 orrrrria
860 1742 917 1787 riosti3

184 1801 254 1839 attende
267 1801 319 1838 huius
332 1810 423 1850 apostatae
432 1796 529 1844 vesaniain,
538 1800 603 1846 scelus,
613 1800 735 1849 sacrilegium,
750 1800 878 1846 crudelitatem,
888 1801 918 1850 qui

184 1861 265 1898 ordinem
281 1869 362 1897 Sanctum
378 1860 476 1904 destruxit,
492 1859 589 1897 monachos
605 1859 627 1896 ad
640 1859 732 1896 saeculum
748 1860 846 1897 revocavit:
862 1860 917 1897 fidem

183 1920 245 1969 fregit:
260 1921 328 1957 Votum
341 1919 373 1957 tibi
390 1919 470 1965 factum,
484 1930 501 1956 et
519 1919 570 1957 nobis
585 1918 665 1956 inaudita
678 1921 825 1968 praesumptione
838 1919 917 1957 violavit.

184 1981 201 2018 O
211 1981 265 2017 Miser
275 1980 316 2029 quid
329 1980 382 2017 iacies
392 1989 429 2017 tarn
438 1980 516 2029 graviter
526 1980 626 2016 accusatus?
640 1979 700 2023 Quem
710 1989 812 2028 sanctoruni
822 1979 917 2023 invocabis,

183 2039 214 2088 qui
227 2052 289 2076 omnes
302 2038 334 2076 tibi
347 2038 459 2076 adversarios
473 2037 543 2075 fecisti?
557 2038 599 2083 Quo
612 2038 670 2087 fugies
680 2051 689 2074 a
698 2039 744 2075 facie
757 2038 823 2075 furoris
832 2039 917 2076 Domini?

183 2098 204 2135 ad
218 2112 271 2148 quem
285 2098 389 2147 confugies?
403 2099 445 2136 Non
458 2099 491 2135 erit
504 2098 552 2135 locus
566 2097 650 2146 fugiendi,
665 2098 696 2135 sed
710 2108 750 2135 ante
764 2097 841 2135 tribunal
852 2098 917 2149 Christi

183 2157 244 2204 stabis,
259 2157 320 2195 duram
333 2166 440 2205 accepturus
456 2158 568 2203 senteutiam,
581 2157 614 2194 nisi
627 2156 657 2193 hic
670 2170 702 2205 per
715 2157 850 2205 poenitentiam,
863 2169 880 2194 et
893 2157 917 2195 la-

183 2217 266 2260 chrimas
280 2216 342 2253 faciem
356 2216 431 2254 Domini
445 2217 548 2266 praevenire
562 2217 656 2253 curaveris.
675 2216 790 2253 Excusationi
804 2215 917 2265 denegabitur

182 2277 240 2323 locus,
254 2288 294 2312 curn
308 2285 399 2312 accusatus
413 2275 467 2312 fueris
482 2277 499 2312 in
512 2275 584 2322 iudicio,
599 2285 661 2312 cuncta
675 2275 754 2311 scientis.
768 2274 857 2324 Quicquid
869 2277 917 2313 enim

182 2335 267 2381 volueris,
280 2334 324 2371 nihil
338 2335 376 2381 erit,
391 2335 432 2384 quia
445 2334 489 2371 foris
502 2343 601 2380 accusatus,
616 2335 664 2371 intus
681 2334 801 2370 conscientiae
814 2335 917 2371 testimonio

182 2395 293 2431 darnuandus
307 2393 424 2430 iudicaberis:
439 2394 473 2439 Ea,
487 2407 532 2446 quae
545 2393 600 2431 divini
616 2393 662 2430 Iuris
676 2402 729 2437 suut,
745 2393 801 2441 rapis,
814 2394 844 2442 qui
857 2403 916 2431 custos

91 2460 156 2486 Mitt-18-
182 2466 245 2491 eorum
258 2453 327 2501 positus
339 2451 403 2490 fueras.
417 2452 486 2489 idcirco
500 2453 599 2489 Dominum
612 2451 673 2489 audies
687 2450 782 2495 dicentem,
794 2452 859 2497 Redde,
870 2451 917 2502 quod

182 2511 245 2550 debes:
262 2512 302 2548 Hoc
317 2521 353 2558 est,
366 2511 428 2549 Redde
444 2511 553 2557 inonachus,
572 2524 617 2560 quos
634 2520 676 2547 tuae
694 2510 736 2547 fidei
754 2512 846 2559 commisi,
863 2511 916 2549 redde

183 2571 299 2617 coenobium,
312 2571 359 2620 quod
373 2570 508 2620 gubernandum
522 2571 615 2620 accepisti,
630 2570 684 2608 redde
698 2569 763 2617 fidem,
776 2570 829 2608 redde
842 2579 916 2616 votum,

182 2630 235 2668 redde
245 2631 362 2674 sanctitatem,
370 2630 424 2667 redde
433 2630 509 2674 lucrum,
517 2630 570 2667 redde
579 2631 670 2673 meritum,
678 2629 732 2666 redde
742 2630 840 2677 honorem3
849 2630 916 2676 Redde,

182 2691 230 2740 quod
243 2690 302 2727 debes.
315 2690 353 2738 Ego
362 2699 380 2726 te
389 2698 480 2738 pastorem
491 2690 552 2727 utrium
565 2702 646 2727 mearum
660 2689 750 2736 constitui,
760 2699 780 2725 ut
790 2702 818 2726 eas
827 2690 846 2726 in
854 2700 916 2726 sancta
