1968 3023
154 160 177 197 34
311 149 338 186 Da
351 148 448 198 attonitam
460 149 565 187 renovatione
578 150 631 187 sarrai
641 150 728 201 propositi.

54 238 135 279 raetttusre·
154 228 199 266 ntihi
215 228 285 275 fratres,
300 231 386 279 quoniam
404 231 512 279 experientia
528 243 558 267 me
575 231 645 268 docuit:
659 232 719 281 ignem
732 231 750 269 in
763 231 814 270 vobis
828 232 890 270 Divini

48 279 135 343 ξιζὶἳξᾛζξ
154 286 230 326 fervoris
237 289 329 327 ardentem
338 289 414 328 faciliori
423 290 507 328 exercitio
517 289 648 335 conservabitis,
658 304 711 340 quam
721 292 820 329 extinctum
830 292 890 330 denuo
920 283 923 285 ,

48 342 108 404 {ffl‘
122 352 135 368 ³·
154 348 270 388 succendatis.
276 349 392 399 Quicumque
401 350 456 399 igitur
464 351 499 387 iam
509 350 527 386 in
536 350 592 387 seDei
599 351 687 398 experitur
695 351 890 400 amorem,quicunque

155 408 251 446 coelestem
264 411 283 446 111
296 409 350 447 corde
363 424 396 447 suo
414 412 480 460 recepit
497 410 608 457 charitatem,
622 423 692 447 surmus
710 424 751 448 cum
768 411 893 449 sollicitudine

155 477 216 505 caveat
229 469 247 505 in
259 470 325 519 prioris
338 470 385 507 vitae
398 469 515 518 negligentias
528 469 612 513 recidere,
626 469 656 506 sed
669 469 748 507 fomenta
766 470 849 508 adhibeat
862 484 891 508 ne·

155 528 230 565 cessaria
242 529 362 577 spiritualium
375 529 508 576 exercitiorum,
518 540 603 578 quatenus
613 529 736 578 proficientem
749 531 767 568 111
780 544 799 568 se
808 531 842 568 Dei
855 530 890 568 fer·

155 599 217 625 vorem
230 597 283 636 queat
297 600 407 625 conservare.
418 588 482 625 Caveat
495 600 531 625 nou
544 589 604 626 solum
617 599 687 637 peecata
700 588 780 638 grandia,
791 590 822 627 sed
836 592 890 628 etiam

155 646 271 696 negligentias
285 660 354 696 parvm,
369 657 386 684 et
400 656 486 696 quantum
496 649 562 696 poterit
575 648 662 692 minimas,
673 649 758 697 quoniam
771 649 802 698 qui
815 651 890 687 minima

155 708 228 756 spernit,
242 707 328 755 paulatim
341 706 416 745 decidit:
431 716 448 744 et
461 708 492 757 qui
505 720 540 744 uon
554 720 625 756 semper
638 709 702 745 metuit
719 708 825 757 periculum,
838 710 890 758 spiri-

155 766 206 803 tualis
220 766 302 813 fervoris,
315 778 368 815 atque
382 767 471 815 propositi
485 768 519 804 cito
533 768 610 804 sentient
627 767 761 805 detrimentum.
774 769 824 805 Dicit
842 770 889 806 eninr

155 827 249 875 scriptura,
263 826 282 862 Si
295 838 331 862 uon
344 826 430 863 instanter
443 827 522 863 tenueris
536 835 553 863 te
568 828 585 863 in
598 827 663 863 timore
674 827 753 871 Domini,
768 828 804 865 cito
817 828 888 865 subver-

155 895 202 923 tetur
215 884 279 923 domus
293 896 329 924 tua.
343 887 408 924 Beatus
422 887 476 936 igitur
489 887 550 930 bomo,
564 888 594 937 qui
607 900 677 936 semper
690 897 716 924 est
730 888 811 936 pavidus
824 889 855 937 qui
869 887 890 925 de

155 946 231 995 acceptis
244 945 338 983 virtutibus
352 960 388 984 non
402 948 505 995 praesumit,
517 947 546 995 qui
559 957 607 984 certo
622 947 710 984 existimat
723 960 742 984 se
755 947 835 991 delicere,
845 961 890 997 quo-

156 1004 188 1042 ties
202 1018 220 1041 se
233 1018 270 1043 uon
283 1006 371 1043 invenerit
384 1005 459 1055 singulis
473 1007 569 1043 rnorrtentis
582 1005 603 1043 ad
617 1005 679 1043 altiora
695 1004 798 1054 profecisse.
812 1006 847 1044 Sed
860 1020 890 1044 ve-

156 1076 201 1110 reor,
215 1064 284 1111 fratres,
299 1074 316 1102 et
329 1064 446 1102 vehementer
458 1066 520 1111 timeo,
535 1066 568 1103 uisi
581 1079 610 1102 me
623 1078 697 1113 operum
714 1065 827 1115 quorundam
841 1061 891 1103 fallat

155 1124 261 1170 aestimarim
274 1123 366 1161 nonnullis
379 1125 398 1161 in
410 1124 461 1161 vobis
475 1127 534 1173 ignem
551 1125 603 1161 huius
616 1125 671 1162 sancti
687 1125 764 1162 necdum
781 1124 843 1178 adesse
856 1125 890 1162 fer·
929 1121 930 1124 ¹

156 1184 211 1230 voris,
226 1184 292 1234 quippe
306 1197 347 1221 cum
360 1197 403 1221 vera
416 1186 547 1221 monachorum
560 1184 618 1222 studia
631 1198 693 1234 parum
706 1185 799 1223 videantur
810 1185 890 1235 diligere,

155 1242 209 1291 quod,
219 1257 240 1280 ex
252 1243 326 1281 illorum
336 1243 471 1281 conversatione
481 1256 521 1281 cum
534 1244 557 1281 sit
569 1243 688 1289 rnauifestum,
698 1244 847 1282 nullusvestrum
859 1258 891 1293 po·
928 1293 930 1299 ⁴

155 1303 197 1339 terit
213 1303 302 1352 ignorare.
318 1303 371 1347 Quos
388 1315 462 1340 monere
480 1303 552 1352 quidem
569 1316 605 1341 non
622 1303 663 1341 duxi
680 1305 751 1353 penitus
768 1303 889 1354 superfluum,

156 1363 236 1411 quamvis
245 1375 308 1411 parum
319 1362 404 1400 hactenus
411 1362 472 1400 videar
480 1363 584 1412 profecisse,
592 1376 632 1399 cum
641 1375 677 1400 non
687 1364 709 1400 sit
718 1362 818 1401 abbreviata
826 1377 890 1401 manus

156 1422 238 1468 Domini,
253 1422 362 1471 quominus
376 1431 429 1471 queat
442 1422 509 1459 salvare
522 1423 639 1470 poenitentes.
653 1421 728 1460 Confido
742 1424 822 1460 enimin
836 1424 890 1461 mise-

155 1482 231 1519 ricordia
240 1482 274 1519 Dei
282 1482 363 1527 viventis,
374 1482 460 1531 quoniam
470 1492 541 1531 propter
550 1495 609 1519 meam
623 1483 640 1518 in
653 1496 683 1519 eos
693 1481 804 1529 charitatem,
817 1492 834 1520 et
843 1497 890 1521 ener-

156 1543 196 1579 citia
209 1543 278 1590 pietatis
291 1541 371 1585 illorum,
381 1542 411 1590 qui
424 1540 446 1577 ad
460 1542 555 1590 puritatem
564 1541 635 1589 regulae
646 1543 664 1579 in
677 1540 727 1579 vobis
737 1542 833 1586 ambulant,
843 1542 890 1580 dabit

66 1607 81 1633 111
91 1615 136 1633 mona·
156 1603 181 1639 eis
190 1601 285 1651 aliquando
294 1601 405 1649 resipiscere,
416 1610 433 1637 et
442 1600 500 1637 studia
509 1601 565 1638 sancti
575 1600 650 1637 fervoris
664 1600 752 1639 ardentius
766 1615 831 1639 arunte.
841 1602 891 1647 Quid

49 1641 80 1702 iiiii
88 1641 136 1702 Diffi.
156 1672 188 1708 est‚
199 1661 267 1706 fratres,
277 1660 326 1710 quod
339 1673 375 1697 non
389 1661 488 1697 monastice
500 1660 517 1696 in
531 1660 640 1697 monasterio
650 1660 716 1704 vivitis,
730 1670 747 1697 ct
760 1660 837 1709 professi
850 1675 890 1698 cou-

48 1717 73 1737 m*
155 1721 275 1759 versationem
288 1721 361 1769 spiritus
379 1719 478 1757 secundum
496 1732 566 1756 caruem
583 1718 689 1757 attribuistis?
702 1721 731 1757 Au
743 1721 823 1766 nescitis,
836 1734 890 1770 quam

155 1780 178 1818 sit
194 1780 315 1828 periculosum
332 1781 350 1817 in
368 1778 455 1817 coenobio
473 1779 581 1816 iuonaclrum
598 1778 700 1817 seculariter
716 1781 783 1827 vivere,
797 1790 814 1818 et
827 1790 890 1818 votum

155 1849 225 1877 sanctae
238 1840 325 1887 puritatis,
340 1838 388 1887 quod
402 1839 495 1876 emisimus
508 1851 578 1885 otunes,
593 1838 651 1887 tepida
665 1840 799 1877 conversatione
812 1840 890 1877 violare?

75 1908 135 1950 ltonacht
155 1899 274 1948 Cognoscite,
292 1911 360 1946 precor,
379 1898 463 1947 quoniam
480 1898 578 1935 novissima
597 1898 677 1942 omuium
695 1897 816 1935 claustralium
834 1908 890 1937 extre·

49 1952 102 2010 ζίξξζξῗ
114 1949 135 2004 {iffi
155 1959 189 1995 mis
206 1967 247 1994 suut
264 1958 351 2007 proxima,
365 1956 446 2001 utboni,
461 1967 478 1994 et
495 1957 550 1994 zelosi
568 1967 656 1994 amatores
673 1957 755 2006 propriae
772 1957 833 1994 salutis
851 1972 904 1995 mo¹>

48 2012 110 2062 terrenas.
155 2018 211 2062 nachi,
225 2030 262 2054 non
275 2016 383 2066 vulgarium,
399 2017 429 2054 sed
442 2017 520 2054 martinia
537 2027 639 2054 sanctorum
656 2018 674 2053 in
691 2016 742 2053 coelo
762 2018 830 2066 premia
847 2018 891 2055 reci·

155 2078 212 2126 piant;
227 2087 244 2113 et
257 2078 293 2127 ,qui
310 2076 361 2120 tuale,
376 2076 404 2114 vel
421 2077 480 2125 tepide
498 2077 515 2113 in
532 2076 619 2125 religione
637 2085 765 2114 conversantur
782 2078 889 2123 monastica,

154 2150 191 2175 uon
204 2136 297 2183 mediocri,
311 2146 341 2173 aut
359 2136 448 2186 populari,
462 2135 493 2173 sed
511 2136 621 2185 gravissimo,
636 2145 653 2171 et
667 2135 775 2172 daemonum
787 2133 890 2184 'puniantur

155 2197 241 2234 1111111111.
263 2197 336 2241 Quanto
358 2197 406 2233 enim
425 2204 494 2241 status,
515 2196 533 2231 in
554 2209 589 2244 quo
609 2194 648 2243 quis
670 2203 732 2243 peccat
751 2193 805 2231 fuerit
823 2194 889 2241 altior,

153 2266 202 2294 tanto
216 2268 274 2305 poena
287 2255 406 2304 delinquentis
420 2256 438 2291 in
452 2269 472 2293 eo
486 2255 519 2292 erit
533 2265 549 2291 et
562 2255 638 2304 gravior.
651 2254 719 2291 idcirco
729 2256 743 2291 si
754 2255 793 2303 quis
803 2255 890 2292 intervos

154 2317 190 2353 iam
202 2316 249 2353 viam
264 2315 319 2353 divini
332 2316 399 2352 amoris
412 2328 453 2351 cum
466 2315 535 2352 fervore
549 2314 620 2362 spiritus
634 2312 724 2350 ambulare
738 2313 804 2357 didicit,
816 2326 890 2363 progre-

155 2375 218 2421 diatur,
232 2387 306 2411 necesse
319 2383 351 2418 est,
365 2383 385 2411 ut
398 2373 474 2422 arnplius
488 2372 567 2423 quotidie
580 2372 668 2421 proficiat:
679 2373 761 2422 quivero
773 2372 831 2409 adhuc
845 2373 890 2410 iacet
945 2415 947 2420 1

153 2435 171 2472 in
185 2444 257 2482 torpore
271 2434 336 2470 meutis
349 2434 431 2483 ignavae,
446 2444 520 2470 conetur
533 2444 654 2481 quantocyuS,
668 2441 687 2468 ut
701 2442 780 2481 resurgat
785 2446 790 2477 ;
805 2433 890 2480 quoniam

154 2494 205 2530 sicuti
218 2492 315 2530 iacentibus
327 2506 385 2541 poena
394 2493 511 2540 promittitur,
520 2493 543 2529 ita
552 2506 588 2529 nou
598 2489 749 2541 perseverantibus
759 2504 825 2528 corona
834 2492 891 2528 victo-

154 2552 190 2590 riae
204 2552 305 2600 denegatut.
316 2553 382 2589 Cavete
391 2553 451 2600 igitur,
461 2566 482 2589 ne
496 2562 575 2590 mentem
588 2550 676 2589 subvertat
689 2551 789 2600 perniciosa
802 2551 890 2599 tepiditas,

68 2611 135 2646 Tepttnas
155 2624 198 2660 qtrae
211 2612 287 2648 nimium
301 2621 328 2647 est
337 2610 437 2658 periculosa
447 2609 574 2654 claustralibus,
583 2611 624 2659 qtria
633 2609 759 2647 molestissima
769 2619 802 2655 est,
812 2617 829 2645 et
838 2610 890 2658 plena

47 2646 97 2709 inediis
106 2656 134 2673 ¹¹¹⁰·
154 2670 272 2715 miseriarum,
287 2680 304 2707 et
318 2669 407 2714 dolorum,
422 2683 441 2707 ac
454 2670 505 2719 plane
519 2669 588 2707 inferno
602 2671 692 2720 proxima,
706 2668 727 2706 de
741 2670 791 2707 cuius
804 2669 890 2719 voragine
