1968 3023
307 124 358 164 Liber
371 122 457 163 Pratidms
470 121 538 161 Ioannis
555 120 634 161 Tritrtuii.
661 109 682 177 l„
776 132 778 135 ·
803 122 837 169 267

111 280 162 316 Quam
171 278 261 308 trecenario
268 277 316 314 fatal
326 275 394 313 diligens
404 275 499 312 reformatio
510 274 644 304 aiouasrararum
653 274 670 304 in
681 273 832 304 aosrraProaincra

431 334 469 372 Cap.
482 335 513 363 XI.

161 459 198 484 1111
211 447 309 484 necessaria
323 446 346 482 sir
363 444 439 494 diligens
457 443 562 482 reformatio
579 444 731 482 monasteriorum
746 445 764 481 111
777 453 838 481 nostra

169 507 268 552 Provincia,
283 518 316 542 vos
330 504 370 553 ipsi,
384 518 394 541 0
407 505 469 541 Patres
483 505 592 553 cognoscitis
597 519 602 550 3
616 504 646 552 qui
659 513 725 541 statum
741 503 838 541 monacho-

105 580 144 602 ruur
158 565 210 602 huius
223 564 310 613 temporis
323 575 359 600 non
377 563 469 613 ignoratis.
483 563 553 600 Notum
570 562 622 600 vobis
639 563 688 610 novi,
702 564 772 612 quantis
789 562 837 599 labo-

105 624 159 671 ribus
173 625 261 673 expensis,
276 632 293 659 et
306 620 402 658 sudoribus
415 622 476 658 Patres
486 621 568 672 ordinem
577 630 660 658 nostrum
674 622 717 658 olim
731 622 838 658 reformave-

105 685 146 730 rint,
160 681 257 732 dequibus
271 682 390 726 monimenta,
404 689 421 716 et
435 693 499 728 pauca,
513 689 530 716 et
545 679 608 717 debilia
621 690 682 717 nostra
699 691 755 717 aetate
772 679 839 716 inveni-

105 756 151 779 mus.
160 743 208 778 Inter
218 755 279 779 onmes
289 749 350 777 autem
360 739 497 776 reformationes
507 739 574 776 ordinis
584 740 641 776 nostri
650 741 668 775 in
678 749 738 777 nostra
747 739 839 787 provincia

105 813 140 839 tres
154 814 195 849 prae
205 801 278 837 caeteris
292 799 391 836 novissime
401 798 509 843 claruerunt,
520 799 602 836 videlicet
612 799 726 846 Castellensis
735 813 745 836 a
754 798 838 845 Castello‚

105 860 214 898 lllellicensis
228 874 237 897 a
251 859 328 902 hlellico,
339 857 469 895 bursfeldensis
479 871 488 894 a
499 856 604 905 Bursfehlia,
614 859 686 895 sortitae
696 859 777 904 nomina,
788 858 839 902 Quae

106 933 175 967 ornnes,
184 920 230 955 sieut
243 920 261 956 in
273 918 362 968 principio
372 916 470 961 fervebant,
480 918 504 953 ita
518 917 603 965 paulatim
612 927 722 966 tepescentes
731 917 762 954 irai
775 930 839 967 appro-

106 982 200 1030 pinquant3
209 979 256 1016 Nam
269 979 337 1027 primae
347 976 392 1013 duae
405 977 454 1025 quasi
469 976 559 1014 confectae
568 978 619 1013 senio
628 978 646 1013 in
656 990 730 1026 parvum
743 991 838 1014 numerum

106 1047 207 1075 contractae
221 1047 267 1081 sunt,
281 1036 345 1072 ultima
358 1047 408 1081 vero,
419 1048 464 1084 quae
474 1045 491 1071 et
504 1035 594 1082 posterior
608 1045 640 1082 est,
650 1036 691 1084 quia
705 1036 762 1073 adhuc
775 1036 839 1082 iunior,

105 1097 160 1133 etiam
172 1094 242 1132 viderur
255 1107 293 1131 esse
307 1094 428 1130 constantior:
442 1105 486 1141 quae
501 1093 573 1142 etipsa
587 1093 704 1131 nihilominus
721 1095 756 1131 iarn
770 1095 788 1131 111
801 1095 839 1143 qui-

105 1153 179 1191 busdam
193 1152 278 1189 membris
292 1153 328 1188 suis
342 1151 412 1187 videtur
421 1161 518 1199 tepescere,
529 1161 546 1187 et
559 1151 580 1188 ad
590 1151 706 1189 laxitudinem
719 1154 765 1190 vitae
774 1154 839 1202 prioris

105 1225 176 1249 rursum
190 1211 286 1248 declinare:
300 1211 329 1247 Sic
343 1209 387 1246 olim
400 1209 505 1247 reformatio
516 1209 637 1246 Cluniacensis
650 1219 690 1248 toto
703 1220 745 1248 nota
758 1213 776 1248 in
790 1211 838 1258 orbe,

106 1272 148 1308 dum
166 1267 184 1307 in
199 1270 280 1320 longunr,
294 1270 388 1318 latumque
404 1283 422 1305 se
436 1268 534 1315 transtulit,
549 1270 598 1318 quasi
612 1268 679 1306 viribus
698 1284 718 1307 ex
736 1270 839 1308 dilatatione

106 1331 194 1368 arnmissis
210 1330 295 1378 paulatim
313 1327 387 1365 defecit:
405 1326 503 1365 Proverbio
520 1340 598 1377 namque
616 1328 689 1375 dicitur:
708 1329 778 1376 Omne,
792 1332 839 1379 quod

105 1390 205 1433 veterascit,
218 1402 274 1438 prope
292 1388 385 1425 interitum
400 1398 435 1424 est:
449 1386 562 1424 Refornaatio
576 1389 624 1424 eninr
640 1399 797 1439 quantumcunque
813 1403 840 1426 ce-

105 1448 164 1494 lebris,
173 1448 201 1484 vel
214 1457 274 1484 sancta
283 1447 344 1493 fuerit,
352 1447 387 1483 nisi
400 1459 432 1495 per
441 1446 533 1483 solertiam
543 1447 662 1495 praelatorum
672 1461 725 1498 saepe
737 1460 839 1497 renovetur,

105 1508 190 1557 paulatim
204 1508 303 1544 evanescit:
318 1507 391 1551 Quanto
406 1507 454 1542 enirn
464 1506 527 1542 erescit
540 1519 562 1542 ex
575 1515 656 1555 tempore
665 1516 715 1545 tanto
725 1509 812 1546 minuitur
821 1510 839 1547 in

106 1569 180 1606 fervore.
193 1566 325 1604 Decedentibus
338 1579 415 1616 namque
428 1566 462 1612 his,
472 1566 503 1614 qui
516 1566 584 1603 ordinis
597 1567 655 1603 zelum
668 1568 686 1604 in
700 1582 754 1617 opere
769 1569 840 1607 demon-

104 1629 188 1671 strarunt,
202 1625 279 1663 Abbates
293 1626 335 1662 novi
346 1634 387 1672 post
401 1638 431 1661 eos
441 1637 561 1670 surrexerunt,
572 1627 601 1674 qui
612 1626 744 1665 reformationis
758 1639 838 1666 sanctunr

105 1686 195 1723 fervorem
209 1686 319 1735 negligentes
332 1685 350 1720 in
364 1684 447 1732 pristinas
461 1683 584 1721 deformitates
593 1685 656 1734 relapsi
665 1697 716 1724 sunt:
730 1689 752 1724 Et
765 1689 840 1725 111111-

105 1747 157 1783 niora
170 1755 269 1793 tangamus,
278 1743 309 1780 ubi
322 1753 349 1780 est
362 1742 391 1779 illa
400 1743 511 1789 reformatio,
521 1756 574 1793 quam
588 1745 674 1782 Nicolaus
688 1747 785 1784 Chusensis
799 1749 840 1785 Car-

107 1804 175 1848 dinalis,
189 1814 241 1852 atque
254 1804 323 1852 legatus
337 1801 436 1839 incredibili
449 1802 488 1838 zelo
498 1802 601 1840 inchoavit?
610 1803 645 1840 Ubi
654 1815 696 1842 sunt
705 1806 734 1843 illa
744 1808 840 1845 iuramenta

105 1863 190 1901 terribilia
204 1863 285 1899 omnium
299 1860 389 1898 Abbatum
403 1871 475 1898 nostrae
484 1863 594 1909 provinciae,
604 1862 667 1912 quibus
681 1878 700 1901 se
713 1865 735 1902 ad
748 1865 842 1904 observan-

106 1924 150 1959 tiam
163 1921 262 1970 regularem
275 1921 293 1957 in
306 1932 370 1957 manus
380 1921 461 1957 eiusdem
471 1920 569 1958 Caralinalis
582 1924 840 1974 11110111113111118111111111

105 1981 208 2030 Herbipolis
226 1980 335 2029 obligarunt?
353 1977 388 2016 Ubi
401 1989 427 2016 est
443 1980 533 2028 promissa
546 1980 659 2018 observantia
672 1983 771 2032 regularis?
788 1985 839 2031 Ecce,

878 1517 948 1544 Reforma-

859 1552 884 1579 tio
899 1552 948 1585 (lieet

860 1587 947 1620 sanctissima)

859 1623 884 1648 nisi
897 1622 947 1656 saepius

860 1663 948 1683 renovetur

859 1692 929 1717 evarieacin

106 2043 172 2085 Patres,
187 2049 259 2077 centurn
273 2040 337 2088 viginti
351 2049 420 2087 septena
434 2038 566 2085 Abbatias,sub
579 2051 638 2078 vestro
648 2040 717 2079 habetis
727 2044 811 2091 capitulo,
820 2045 841 2082 de
861 2053 862 2056 ’

106 2100 169 2151 quibus
183 2100 272 2136 extribus
286 2101 321 2145 iana
336 2099 387 2135 dictis
401 2098 526 2143 observantiis,
540 2100 570 2136 vix
583 2101 696 2149 septuaginta
709 2102 741 2139 sub
755 2102 840 2140 reforma-

105 2162 155 2196 tione
168 2168 313 2206 permanserunt:
327 2157 372 2193 Sunt
386 2168 452 2202 tamen,
462 2170 498 2193 non
508 2156 576 2204 dubito,
586 2159 616 2207 qui
629 2171 648 2195 se
660 2169 724 2207 purant
737 2162 805 2209 optime
815 2174 840 2198 re-

106 2218 201 2264 formatos,
215 2218 246 2255 sed
260 2218 373 2255 conversatio
387 2227 449 2266 negat:
462 2216 536 2253 Utinam
549 2218 661 2254 attenderent
674 2218 752 2256 Abbates
767 2221 840 2257 1011111-

106 2281 196 2316 nationem
211 2280 266 2315 sancti
280 2277 460 2326 legislatorisnostri
474 2277 544 2324 saepius
557 2278 645 2323 iteratam,
660 2291 694 2327 qua
711 2281 791 2328 regimen
805 2281 841 2317 ani-

108 2351 178 2375 marum
192 2338 315 2374 exactissimae
328 2337 394 2372 rationi
408 2336 451 2372 dicit
465 2335 570 2373 obnoxium.
579 2337 653 2374 Utinam
666 2338 740 2375 creditas
754 2338 786 2375 sibi
800 2352 841 2376 oves

109 2397 130 2434 ad
143 2409 208 2446 pascua
216 2398 262 2433 vitae
273 2396 353 2432 caelestis
363 2395 500 2444 compellerent3
514 2408 536 2431 ne
550 2397 584 2445 ipsi
594 2409 634 2433 cum
644 2395 707 2439 ovibus
721 2399 739 2434 in
751 2408 842 2436 aeternnm

108 2458 194 2507 perirent.
204 2456 269 2493 Videte
282 2455 437 2492 conversationem
447 2464 483 2490 tam
492 2453 590 2502 Abbatuna,
600 2469 653 2505 quam
662 2457 792 2494 monachorum
805 2458 843 2495 sine

113 2520 153 2569 lege
166 2518 264 2554 honestatis
277 2516 387 2553 monasticae
400 2517 418 2552 in
432 2516 507 2552 circuitu
520 2515 625 2561 fumantem,
635 2516 656 2553 de
665 2530 699 2566 qua
713 2514 790 2567 cognita,
799 2519 843 2556 mihi

110 2581 160 2631 loqui
173 2579 231 2631 pudor
245 2589 278 2625 est,
293 2577 354 2616 audire
368 2578 424 2625 vobis,
434 2591 444 2614 o
453 2577 514 2613 Patres
528 2577 655 2625 eolendhshni
665 2578 735 2617 horror.
744 2579 787 2616 Tria
796 2580 844 2617 enim

105 2660 148 2686 vota
167 2648 265 2698 religionis,
279 2661 324 2698 quae
342 2646 365 2684 ob
379 2646 408 2683 sui
427 2645 548 2683 excellentiam
566 2642 689 2681 substantialia
706 2643 795 2689 dicontur,
809 2655 844 2679 non

862 2207 864 2212 Ι
876 2172 894 2198 D.
900 2172 949 2198 Bened.

861 2215 874 2232 11
884 2215 911 2241 reg.
920 2215 930 2232 c.
938 2214 950 2233 z.
