1968 3023
369 134 424 171 Strata
441 134 469 170 VI.
750 144 783 169 221

51 217 92 265 quia
105 228 141 253 non
154 224 180 253 est
193 215 278 260 volentis,
292 229 349 266 neque
367 215 464 261 currentis,
479 213 510 251 sed
523 215 625 251 miserentis
640 215 680 251 Dei.
698 215 785 252 Avertisti

51 273 115 311 faciem
128 286 177 312 taam
191 289 200 312 a
213 289 251 323 me,
265 286 282 312 et
295 274 352 313 factas
369 288 409 312 sum
424 273 544 311 contrabatas.
559 275 619 312 Nemo
633 276 681 311 enim
695 275 783 320 devotus,

51 335 119 372 rneritis
128 336 174 381 snis3
188 348 240 373 nemo
254 345 329 379 saturus,
338 334 405 372 viribus
415 334 497 383 propriis.
512 333 581 370 Omnes
595 343 653 370 autem
669 346 730 370 causae
743 333 783 370 sub-

51 394 142 432 tractionis
151 396 217 445 gratiae
226 396 266 441 Dei,
276 408 318 444 qaas
332 394 415 440 diximus,
431 394 519 443 pertinere
533 393 554 429 ad
567 403 647 430 nostram
661 392 783 430 infirmitatem

51 466 174 503 agnoscamus.
189 455 280 498 Quantum
290 468 333 492 vero
342 454 363 491 ad
373 454 412 491 illos
423 454 505 502 pertinet,
515 453 545 501 qui
559 453 594 489 iam
603 453 621 489 in
631 453 660 489 via
669 453 783 500 perfectionis

51 512 149 560 ambulant,
164 513 196 551 alia
210 514 260 551 datar
274 516 328 561 ratio,
342 513 419 562 quandiu
435 522 554 561 perseverant.
571 512 618 550 Nam
632 512 666 549 illis
679 513 736 561 gratia
750 514 783 549 Dei

50 586 139 622 nunquam
153 572 268 619 subtrahitur,
277 573 318 610 licet
331 571 418 610 sensibilis
432 572 491 609 fervor
505 571 649 620 compunctionis
658 570 752 620 aliquando
763 572 784 608 ad

50 643 120 681 tempus
135 632 228 670 anferatur.
242 632 263 669 Et
276 633 328 669 huius
341 631 434 669 ablationis
448 644 509 669 causas
523 645 554 679 per
567 630 648 675 ordinem
663 630 748 668 dicamas.
762 631 784 667 Et

51 694 109 740 primo
123 692 194 741 quidem
204 692 324 740 Omnipotens
334 692 382 728 Deras
395 692 470 741 gratiam
484 690 572 728 sensibilis
582 690 683 728 devotionis
693 691 784 728 interdum

51 752 87 788 suis
101 749 208 788 munoribus
222 751 243 788 ad
256 759 326 799 tempus
344 750 440 794 subtrabit,
454 760 474 786 ut
487 750 530 787 dam
543 751 637 787 invocatus
654 750 715 787 adesse
733 751 775 787 dissi

50 809 113 854 mulat,
123 810 189 847 amoris
202 810 266 847 interni
280 809 387 847 desiderium
398 821 470 847 crescat,
483 810 578 847 Noverunt
591 809 636 846 hanc
645 810 713 847 ardoris
727 809 783 847 sancti

50 870 190 908 vicissitudinem
204 865 274 914 omnes,
289 872 318 919 qai
332 870 386 907 divini
400 871 466 906 amoris
483 880 577 907 senserunt
594 870 707 916 incendium,
722 871 783 919 etqui

49 930 87 968 veri
96 940 137 967 sunt
146 929 263 967 aemulatores
273 939 376 967 sanctorum
383 938 460 978 patrum.
469 928 617 977 Quandocunque
625 931 673 967 enim
680 943 699 967 se
706 943 783 979 sponsas

50 1002 137 1038 asponsa
156 987 254 1034 subtrahit,
269 990 344 1026 amantis
364 988 471 1026 desiderium
492 989 560 1025 crescit.
580 988 632 1032 Quae
646 989 688 1026 dum
701 1000 783 1026 aestuans

50 1050 123 1099 quaerit,
133 1055 186 1099 quem
196 1048 259 1098 diligit,
269 1062 310 1097 prae
324 1050 390 1086 amoris
404 1048 491 1086 desiderio
502 1049 563 1097 gemit.
577 1049 666 1095 Secundo,
675 1049 718 1086 haec
727 1050 784 1099 gratia

51 1108 120 1146 devotis
130 1108 152 1157 ad
164 1107 227 1145 horam
240 1107 353 1152 subtrahitur,
363 1121 385 1145 ne
394 1108 480 1157 fragilitas
489 1109 507 1145 in
521 1107 621 1156 superbiam
636 1109 720 1146 elevetur.
734 1111 783 1147 Dum

49 1169 124 1218 gratiam
139 1167 283 1216 compunctionis
293 1168 345 1204 etiam
355 1158 437 1204 nolebates
451 1167 556 1214 amittimus,
565 1177 644 1208 nostram
655 1167 782 1213 infirmitatem,

50 1240 95 1277 quae
108 1227 152 1264 nihil
166 1240 175 1263 a
188 1227 246 1275 seipsa
259 1236 324 1275 potest,
339 1226 403 1263 lmmili
416 1226 527 1264 discussione
541 1226 644 1264 iudicamus.
658 1226 683 1264 Ut
696 1240 740 1276 ergo
754 1228 783 1265 de-

50 1287 88 1325 voti
102 1286 179 1323 cultores
193 1287 226 1323 Dei
239 1279 316 1323 humiles
330 1287 347 1323 in
361 1299 392 1323 saa
405 1285 514 1323 snblimitate
527 1298 650 1334 permaneant,
664 1299 737 1324 necesse
751 1296 783 1333 est,

50 1357 69 1384 ut
78 1359 128 1383 saram
137 1346 252 1395 fragilitatem
265 1355 367 1395 agnoscant,
381 1346 462 1383 Tertiam
473 1357 515 1382 vero
526 1351 597 1382 causam
607 1346 681 1395 requirit
690 1350 781 1384 meriuan:

49 1408 90 1456 quia
104 1406 237 1444 consolationes
251 1406 328 1442 internas
342 1418 426 1454 quaerere
439 1418 475 1442 non
489 1415 515 1442 est
528 1404 609 1449 fortium,
619 1405 650 1443 sed
663 1405 782 1444 infirmorum

50 1465 109 1503 Gratis
123 1463 237 1501 serviendam
250 1474 276 1500 est
289 1464 376 1509 Doadno,
387 1465 427 1512 quia
440 1462 496 1500 bonus
511 1472 547 1500 est:
562 1464 592 1512 qui
606 1474 666 1501 autem
680 1464 782 1502 sensibilem

49 1525 67 1562 in
81 1536 113 1560 sua
126 1523 222 1560 devotione
235 1533 322 1573 quaerunt
335 1522 459 1568 dulcedinem,
474 1523 527 1559 nianis
541 1522 612 1560 delicati
625 1535 674 1569 sunt,
689 1534 706 1560 et
719 1525 782 1562 Domi-

48 1596 92 1620 nran
105 1583 164 1619 Iesum
178 1594 210 1630 pro
224 1581 380 1619 consolatiunculis
398 1590 491 1631 quaerunt.
508 1581 590 1618 Vitiliter
607 1582 693 1619 arnaudus
707 1573 782 1620 estDo-

49 1643 115 1687 rninus,
126 1651 142 1679 et
154 1654 215 1679 omnes
229 1640 332 1678 affectiones
345 1640 446 1684 muliebres
456 1650 473 1677 et
482 1640 547 1677 molles
561 1640 621 1689 procul
637 1641 658 1678 ab
671 1642 732 1679 animo
741 1655 782 1691 pro-

49 1701 150 1750 pulsandae.
168 1701 193 1737 Ut
207 1713 249 1750 crgo
267 1701 350 1737 meritum
367 1701 404 1737 suis
422 1699 520 1737 cultoribus
534 1700 552 1737 in
566 1709 625 1737 sancta
643 1703 781 1749 compunctione

49 1761 138 1799 Dominus
152 1770 224 1808 augeat,
238 1758 326 1796 interdum
343 1758 430 1796 sensibilis
444 1758 545 1796 devotionis
562 1760 637 1808 gratiam
651 1760 782 1809 postulantibus

49 1830 107 1869 negat.
121 1819 155 1857 Sed
168 1832 190 1856 ne
199 1818 252 1856 taedii
266 1817 382 1855 amaritudine
395 1818 453 1855 affecti
467 1818 542 1855 ornnino
555 1828 656 1866 torpescant
666 1831 675 1855 a
684 1820 782 1857 sanctitatis

49 1879 149 1928 proposito,
158 1891 194 1915 aon
207 1878 269 1926 procul
282 1877 348 1915 recedit
361 1886 482 1915 moerentium
496 1877 605 1923 consolator,
616 1878 647 1915 sed
662 1889 720 1915 manet
729 1880 747 1916 in
756 1880 782 1916 vi-

50 1940 96 1976 cino.
110 1937 138 1974 Ad
151 1938 226 1974 amicam
244 1936 302 1974 sabito
316 1937 420 1974 revertitur:
435 1946 453 1972 et
467 1949 519 1985 quam
537 1937 606 1973 tristem
620 1937 641 1974 ad
654 1938 717 1974 horam
732 1938 782 1984 dissi-

15 2042 17 2047 Α
49 1997 159 2043 rnalaverat,
173 1996 266 2033 dulcedine
280 1996 389 2044 praesentiae
408 1995 504 2043 spiritualis
524 1996 632 2033 consolatur.
652 1997 740 2040 Quartam
753 1997 781 2034 his

50 2069 120 2094 causam
138 2055 273 2104 coniungimuS,
288 2068 322 2103 qua
334 2066 439 2100 monemur,
453 2065 472 2091 ut
486 2055 554 2091 cautius
573 2053 693 2093 ambulemus
707 2057 753 2094 Nam
767 2058 782 2093 si

49 2115 192 2164 compunctionis
201 2116 276 2164 gratiam
286 2115 370 2151 timemus
384 2116 470 2158 amittere¹
486 2114 574 2151 discamus
588 2114 666 2152 habitam
680 2115 782 2165 diligentins

49 2175 144 2213 custodire.
158 2174 261 2211 Thesaurus
271 2175 318 2211 enim
327 2186 381 2218 rarus¹
393 2183 409 2211 et
419 2174 517 2221 preciosus,
528 2184 593 2223 quanto
603 2174 679 2222 amplius
694 2175 780 2224 diligitur,

48 2243 98 2271 tanto
110 2232 211 2283 diligentias
224 2248 233 2270 a
246 2233 347 2282 possidente
362 2232 465 2270 custoditur.
479 2232 579 2268 Monachus
592 2232 652 2280 igitur,
663 2234 692 2282 qai
706 2235 781 2283 gratiam

49 2293 151 2330 devotionis
165 2305 174 2328 a
187 2292 266 2329 Domino
281 2292 345 2330 meruit
358 2293 443 2340 accipere,
457 2304 480 2328 ne
493 2291 555 2341 perdat
569 2305 608 2328 eam
622 2306 653 2329 sua
666 2293 781 2342 negligentia,

49 2365 121 2389 summo
135 2350 194 2389 studio
207 2351 258 2388 debet
271 2352 348 2400 vigilare.
362 2351 387 2388 Ut
396 2361 456 2387 autern
466 2351 531 2395 sciatis,
542 2351 693 2400 quemadmodum
704 2351 782 2389 debeatis

48 2410 135 2448 indultam
145 2411 287 2458 compunctionis
297 2411 371 2459 gratiam
382 2423 492 2457 conservare,
502 2424 523 2447 ne
533 2421 600 2460 pereat,
610 2411 653 2448 ordo
664 2411 781 2449 dicendorum

49 2469 100 2507 vobis
114 2469 160 2507 claro
174 2470 280 2507 rantraifestat.
294 2470 359 2514 Primo,
370 2471 399 2519 qui
412 2471 487 2519 gratiam
498 2471 577 2507 internae
591 2471 736 2519 compunctionis
750 2469 783 2508 sibi

49 2541 151 2566 concessam
166 2541 202 2565 noa
216 2529 254 2566 vult
266 2529 351 2572 nannete,
364 2529 433 2566 studeat
446 2542 470 2575 se,
480 2538 565 2579 quantam
580 2529 673 2579 praevalet,
688 2530 782 2574 anniadum,

49 2599 66 2625 et
80 2600 145 2637 purum
160 2586 181 2624 ab
195 2589 244 2624 onaai
262 2599 334 2636 peccato
351 2601 462 2625 conservare.
481 2589 547 2625 Caveat
560 2601 596 2625 non
612 2588 672 2625 solum
691 2590 781 2634 mortalia,

48 2646 173 2696 horrendaque
189 2646 262 2691 scelera,
272 2647 302 2685 sed
312 2648 365 2685 etiam
375 2660 432 2696 patrna,
442 2661 487 2697 quae
500 2647 584 2686 dieantu-
596 2649 677 2693 venialia,
692 2650 781 2698 qtaoniam¹

813 636 890 662 1)ev0150nn

804 680 850 697 scasas
860 679 891 705 qua-

803 715 817 731 re
827 706 856 731 airis
867 706 890 740 piis

804 740 890 767 subtrahatur.

817 2517 890 2556 §parapan-

803 2551 849 2577 caronis
861 2560 890 2586 gra-

803 2586 820 2612 tia
829 2594 855 2621 qao
863 2593 890 2614 stu·

803 2621 824 2646 dio
836 2621 891 2648 retinca-

803 2662 828 2684 ΗΠ.
