1968 3023
394 177 471 217 Hoatrilia
484 178 498 217 t.
804 187 814 225 9

79 253 172 300 Attendite
185 260 298 298 vocationem
309 268 393 305 vestram,
403 260 489 308 quianon
503 259 524 296 ad
533 258 601 304 ocium,
611 262 648 295 raon
657 257 679 296 ad
689 258 742 296 huius
751 258 814 297 anuntii

79 321 186 371 voluptates
200 333 257 370 neque
271 318 293 357 ad
306 319 362 356 carnis
371 318 517 368 prosequendum
531 317 627 355 desideria:
642 318 673 356 sed
682 319 743 366 potius
757 318 778 356 nd
792 319 815 356 la-

78 380 140 419 borem
150 381 261 424 continuum,
276 379 297 417 ad
311 379 392 417 omnium
401 377 503 415 deliciarum
513 377 647 424 abstinentiam,
658 388 675 415 et
688 379 747 427 iugem
757 379 814 416 carnis

79 441 217 478 macerationem
231 440 263 477 sub
272 440 349 489 imagine
359 437 445 483 crucifixi,
456 448 475 475 ut
484 438 561 487 portetis
575 438 592 474 in
606 437 690 475 cordibus
699 439 763 475 vestris
776 440 814 476 eius

79 502 168 550 stigmata,
181 501 270 538 Dominus
283 512 316 538 vos
329 499 405 537 vocavit.
419 498 494 535 Misistis
512 499 547 535 iam
564 507 611 535 certe
628 510 691 534 manus
708 509 776 536 vestras
793 499 814 536 ad

78 570 156 597 aratrum
167 571 236 597 sanctae
249 559 366 608 agriculturae
379 557 467 605 coelestis,
478 559 495 596 in
505 570 539 608 qua
548 556 599 594 vobis
609 557 718 607 praecipitur
729 558 814 596 continuo

79 619 166 668 desudare
178 619 245 666 labore,
255 630 271 656 et
283 632 320 657 non
333 618 392 656 solum
401 627 449 655 retro
459 630 550 667 nunqnam
560 616 653 665 respicere,
662 615 694 653 sed
703 616 814 665 proficiendo

79 691 149 727 semper
163 677 184 715 de
197 679 264 715 virtute
277 679 295 715 in
308 678 392 715 virtutem
406 675 427 713 ad
440 689 534 727 supremae
547 675 618 712 culmen
631 674 747 724 perfectionis
760 676 814 713 anhe-

78 735 120 774 lare.
130 736 180 774 Nihil
193 737 240 774 enim
254 736 301 773 aliud
315 745 341 773 est
354 735 463 773 monachum
476 736 541 779 vivere,
552 748 605 784 quam
619 734 715 772 hominum
724 736 813 773 declinate

79 797 198 843 consortium,
211 797 229 833 in
242 795 339 832 solitudine
352 795 386 832 soli
395 796 434 832 Deo
448 807 479 843 per
492 795 559 831 amoris
568 794 695 832 ferventissimi
705 793 813 833 desiderium

78 855 170 893 actualiter
183 855 257 904 placere.
266 856 313 892 Hinc
327 855 414 903 scriptura
423 854 475 892 dicit:
488 855 559 892 Bonum
569 862 595 891 est
604 854 650 900 viro,
660 867 700 891 cum
715 856 814 903 portaverit

78 913 141 963 iugum
154 915 228 952 Domini
242 914 262 952 ab
276 914 394 951 adolescentia
407 926 444 957 sua,
457 913 525 951 sedebit
542 913 638 958 solitarius,
653 923 670 951 et
688 913 759 961 tacebit,
773 915 813 963 quia

78 973 143 1011 levabit
156 987 175 1011 se
188 987 241 1023 supra
254 987 279 1011 se.
292 973 344 1011 Unde
357 974 372 1010 si
385 972 439 1010 vultis
453 986 491 1010 esse
503 972 577 1022 perlecti
590 985 628 1016 vos,
638 974 669 1023 qui
682 972 812 1021 perfectionem

78 1046 99 1070 ex
112 1034 188 1083 regulari
201 1034 283 1072 instituto
301 1034 387 1071 tenemini
403 1046 468 1078 amare,
482 1047 491 1070 a
504 1034 647 1077 conversatione,
662 1046 715 1082 quam
729 1032 812 1070 Christus

77 1092 145 1139 docuit,
158 1094 238 1143 incipite,
252 1102 269 1129 et
283 1094 313 1142 qui
326 1094 361 1130 iam
374 1106 407 1141 pro
421 1094 458 1130 eius
473 1105 533 1130 amore
547 1092 663 1130 contemnitis
679 1092 745 1135 omnia,
759 1093 813 1128 etiam

77 1152 199 1201 vosmetipsos
211 1152 289 1198 vincere,
302 1165 394 1201 superare,
407 1161 424 1188 et
438 1163 553 1190 contemnere
562 1151 654 1189 hutniliter
662 1164 699 1188 non
712 1150 813 1200 negligatis.

78 1210 143 1247 Servus
160 1222 220 1248 autern
237 1210 304 1249 Christi
318 1211 362 1248 nihil
376 1210 427 1252 habet
440 1221 510 1259 praeter
527 1210 627 1257 Christum,
639 1210 685 1248 nihil
702 1219 757 1257 amat,
770 1211 814 1248 nibil
835 1213 919 1256 servoque-

77 1281 132 1315 carat,
145 1270 190 1308 nihil
206 1272 274 1321 quaerit
291 1272 325 1309 nisi
338 1271 436 1315 Christum,
451 1280 471 1307 ut
483 1271 541 1320 possit
556 1284 594 1307 esse
609 1268 706 1319 perfectus,
720 1280 737 1307 et
751 1271 766 1307 ei
780 1270 815 1319 pla·
835 1249 921 1310 {quseaasqqqe

78 1341 123 1375 cete,
132 1330 182 1367 cuius
196 1331 278 1368 militiam
289 1330 388 1368 voluntarie
401 1340 428 1368 est
440 1330 536 1379 professus.
546 1330 647 1367 Monachus
660 1339 726 1372 autem,
741 1329 771 1379 qui
784 1330 814 1366 ali·
835 1319 856 1345 ‘³¹'

77 1387 121 1437 quid
134 1388 186 1426 hahet
195 1400 263 1438 praeter
273 1390 373 1436 Christum,
382 1402 418 1427 non
432 1400 491 1439 potest
504 1402 543 1427 esse
556 1388 653 1437 perfectus,
663 1389 748 1438 quoniam
761 1401 814 1425 vetus

77 1461 128 1485 arnor
147 1461 184 1487 non
204 1448 299 1495 dividitur,
318 1462 351 1486 nec
369 1449 454 1495 diversis,
473 1460 525 1498 atque
544 1448 637 1486 contrariis
657 1461 708 1485 mens
723 1445 814 1485 veraciter

76 1507 144 1544 unitur.
158 1508 255 1556 Propterea
267 1509 356 1545 Dominus
371 1508 422 1546 dicit:
431 1507 449 1545 Si
462 1508 490 1545 vis
503 1507 592 1556 perfectus
607 1520 652 1553 esse,
665 1507 714 1552 vade,
728 1517 745 1545 et
757 1506 814 1544 vende
834 1521 872 1548 ntia.
879 1529 898 1557 19·

77 1567 144 1612 ornatia,
163 1580 208 1616 quae
225 1562 285 1614 habes,
299 1578 316 1604 et
334 1567 356 1604 da
373 1567 486 1616 pauperibus,
503 1577 520 1604 et
536 1568 616 1614 veniens,
636 1580 710 1616 sequere
727 1580 761 1605 me.
775 1568 814 1605 vos

77 1626 150 1675 quidem
169 1626 287 1664 amantissimi
304 1627 367 1664 fratres
384 1627 425 1671 iam,
438 1626 549 1674 ut‘confidq
570 1626 667 1676 reliquistis
687 1626 785 1676 mundum,
800 1637 816 1664 et

33 1694 36 1697 ’
76 1686 164 1735 quicquid
183 1685 268 1723 habaistis
286 1686 303 1724 in
322 1687 401 1733 mundo,
421 1699 454 1724 nec
471 1687 529 1724 solum
546 1700 574 1723 res
594 1686 656 1723 mundi
676 1699 750 1733 omnes,
770 1699 813 1735 quas

77 1744 190 1793 possedistis,
205 1756 222 1783 et
238 1744 302 1783 habere
316 1746 431 1794 potuissetis:
446 1745 543 1783 sedetiam
561 1745 669 1783 desiderium
687 1758 741 1783 omne
759 1745 814 1795 depo-

75 1804 136 1841 suistis
150 1804 233 1849 habendi,
247 1804 357 1855 venistisque
370 1804 391 1842 ad
405 1805 439 1843 hoc
453 1806 489 1843 divi
504 1805 591 1854 praesulis
606 1805 680 1843 Martini
698 1805 813 1851 coenobium,

76 1863 94 1899 in
107 1876 143 1912 quo
157 1876 217 1900 rerum
232 1863 359 1912 temporalium
372 1874 466 1912 paupertas
484 1873 510 1901 est
527 1876 601 1912 inagna,
620 1874 638 1901 et
655 1864 690 1902 hoc
707 1864 767 1901 solum
787 1873 814 1902 est
861 1901 862 1904 ,

76 1922 128 1961 nobis
145 1922 247 1961 divitiarum
265 1922 305 1961 loco
324 1923 419 1967 donatum,
437 1924 520 1960 avaritiae
539 1936 601 1960 causas
617 1936 654 1960 non
673 1924 760 1961 invenire.
777 1923 813 1960 Ve-

35 2028 37 2032 ι
75 1994 115 2019 rum
132 1982 179 2020 sicut
198 1995 254 2032 poena
274 1994 371 2032 martyrem
388 1996 425 2021 non
440 1983 489 2029 facit,
504 1982 534 2020 sed
548 1995 606 2027 causa,
621 1984 646 2019 sic
659 1983 721 2031 inopia
741 1981 812 2019 beatum

76 2053 112 2078 non
126 2040 179 2078 efficit
193 2054 296 2095 pauperem,
309 2042 340 2079 secl
352 2041 454 2079 voluntaria
466 2055 499 2091 pro
513 2041 581 2079 Christi
598 2054 661 2079 amore
679 2042 696 2079 in
715 2042 753 2091 ipsa
771 2053 814 2089 pau-

76 2109 143 2148 pertate
157 2101 248 2149 patientia.
261 2102 302 2139 Non
315 2102 363 2138 enim
377 2100 465 2150 quoslibet
474 2101 564 2139 Dominus
581 2101 599 2138 in
615 2100 713 2149 Evangelio
726 2113 813 2149 pauperes
859 2110 922 2144 Paupe-

39 2169 43 2172 ⁴
76 2159 184 2207 praedicavit
197 2158 266 2206 beatos,
281 2169 334 2210 atque
346 2173 401 2209 regno
415 2160 508 2198 donandos
526 2159 668 2197 coelorurn:sed
680 2172 769 2209 pauperes
778 2160 813 2209 spi·
834 2146 922 2213 fflffl

75 2218 110 2254 ritu
124 2219 256 2266 praenuntiavit
270 2231 315 2265 esse,
329 2227 349 2255 ut
362 2219 424 2265 nostis,
434 2218 530 2256 dumtaxat
539 2218 623 2257 beandos.
633 2220 754 2268 Contemptus
764 2231 813 2255 atana—
834 2215 857 2275 {ld
872 2216 922 2276 {llielj

76 2289 110 2325 que
125 2276 226 2314 divitiarum
241 2290 277 2314 non
290 2276 357 2314 sufficit
371 2276 392 2313 ad
405 2278 492 2324 salutent,
505 2279 539 2315 nisi
557 2278 672 2315 renuntiator
692 2278 731 2315 auti
744 2277 814 2315 studeat
834 2257 923 2324 tibritusmii·

76 2334 129 2370 etiam
143 2334 186 2371 totis
199 2333 266 2371 viribus
282 2347 314 2383 per
331 2336 446 2383 patientiam,
461 2345 479 2372 et
491 2335 613 2373 humilitatem
629 2345 736 2373 constanter
748 2336 815 2373 imitari
835 2326 856 2345 [η’

75 2392 188 2430 salvatorem.
202 2393 277 2431 Facilius
291 2404 317 2431 est
331 2394 379 2431 enim
393 2403 508 2432 contemnere
521 2394 614 2439 ntundum,
625 2407 678 2443 quam
692 2406 784 2443 spernere,
798 2404 815 2431 et
835 2412 873 2439 am„
883 2419 895 2447 5,

68 2451 162 2502 ‚abnegare
175 2454 298 2501 semetipsum.
313 2453 396 2490 Attamen
414 2453 520 2503 quicumque
533 2453 573 2491 vult
587 2454 653 2491 imitari
663 2453 728 2490 Filium
738 2453 782 2498 Dei,
797 2463 815 2490 et

77 2510 206 2560 perlectionem
221 2513 306 2562 consequi
320 2512 451 2561 Evangelicam,
460 2523 539 2561 oportet,
550 2526 586 2551 non
600 2513 660 2551 solum
673 2513 743 2562 mundi,
759 2524 776 2551 et
789 2526 817 2551 re-

75 2583 114 2608 rum
133 2571 272 2621 temporalium,
287 2573 318 2609 sed
335 2572 362 2609 sui
381 2584 452 2622 quoque
469 2573 535 2621 ipsius,
548 2572 587 2610 fieri
605 2582 755 2621 contemptorem.
769 2574 817 2610 Dicit

75 2642 154 2680 namque
165 2630 246 2667 Salvator
259 2630 276 2666 in
290 2640 352 2668 sancto
363 2630 467 2680 Evangelio:
476 2631 516 2669 Nisi
530 2632 570 2682 quis
583 2632 714 2669 renunciaverit
727 2631 816 2677 onmibns,
836 2650 867 2678 Lac.
877 2658 897 2685 1t·

78 2702 124 2741 quae
138 2690 224 2740 possidet,
237 2702 272 2729 non
287 2699 345 2742 potest
362 2703 413 2729 naeus
427 2704 465 2731 esse
479 2692 584 2744 discipulus.
597 2692 618 2730 Et
631 2705 653 2730 ne
667 2701 771 2745 putatemus
784 2692 818 2732 hoc
