1968 3023
124 155 156 202 178
316 153 367 201 Quod
379 160 424 191 carata
436 153 456 190 sit
469 153 552 191 ratartatbis
564 154 659 191 vivendum,

30 243 71 267 uena.
82 251 93 268 1.
121 245 174 281 supet
187 245 233 270 eum
247 233 337 271 Omnium
351 246 393 282 ergo
407 234 494 270 virtutum
508 234 560 282 origo
574 232 617 269 fides
631 242 663 276 est,
677 233 698 270 de
711 234 816 281 quaomnia
829 246 856 270 sa-

30 277 66 302 ¹⁰³¹¹¹
77 286 87 311 ³·
120 290 161 327 lutis
179 291 237 328 studia
255 292 342 329 oriuntur.
356 291 408 329 Fides
425 293 442 328 in
455 292 513 329 Deum
526 304 574 339 vera,
589 301 605 329 et
619 301 665 333 recta
682 292 766 329 timorem
780 292 855 329 Domini

121 362 202 399 generat:
217 352 302 399 quoniam
316 353 330 388 si
345 352 404 388 Deum
418 350 504 387 credimus
519 352 593 395 iustum,
603 352 669 388 merito
679 350 804 388 confitebimur
817 363 856 388 esse

120 410 225 447 timendum.
238 410 290 447 Fides
304 422 350 448 recta
364 424 414 460 spem
428 412 479 459 parit,
493 419 510 447 et
525 410 659 457 confidentiam3
673 410 720 460 quia,
730 410 772 446 dum
787 411 856 447 miseri-

121 470 193 507 cordem
203 472 261 507 Deum
272 471 368 517 credimus,
380 485 421 509 moa
435 470 455 507 de
468 471 547 508 bonitate
557 470 605 508 illius
615 471 690 508 salutem
703 483 735 507 nos
749 483 802 520 posse
816 483 856 508 con·

120 530 169 579 sequi
183 542 279 578 speramus.
290 530 341 567 Fides
355 531 458 567 charitatem
467 540 540 580 generat
546 545 551 576 ;
566 531 613 580 quia,
623 519 638 568 si
647 531 704 568 Deum
714 543 752 567 esse
762 543 855 567 summum

120 587 186 625 bonum
200 589 295 633 credimus,
310 591 369 638 ipsum
383 590 421 626 sine
434 588 487 626 dubio
500 602 588 626 amamus.
603 589 649 633 Quis
663 591 710 626 enim
727 601 763 627 non
781 599 854 632 amaret,

120 648 167 698 quod
181 662 250 686 summe
264 648 333 686 bonum
347 662 383 687 raon
397 649 476 687 dubitat?
489 649 541 686 Fides
555 661 581 686 est
595 647 691 686 substantia
708 662 767 685 rerum
783 661 855 697 sperau-

120 708 186 752 darum,
197 717 322 756 argumentum
336 721 373 746 nora
383 709 510 757 apparentium,
525 719 543 745 et
557 710 629 745 unicum
638 709 699 746 salutis
708 718 779 745 nostrae
792 707 849 744 funda-

120 777 205 804 mentum.
216 767 267 805 Fides
277 768 317 804 Deo
332 768 424 817 coniungit
433 769 515 812 animam,
529 779 546 804 et
560 768 649 804 faciteam
663 768 681 805 in
695 767 753 805 medio
764 767 854 804 charitatis

119 828 185 864 aeterni
202 828 249 876 regis
270 829 354 864 auricam.
372 828 420 865 Dicit
437 829 484 865 enim
502 828 626 865 sanctissimus
644 827 712 876 praesul
729 828 853 877 Augustinus:

119 886 181 923 Nullae
196 887 272 924 maiores
282 886 360 931 divitiae,
370 887 414 924 nulli
423 887 507 933 thesauri,
517 886 561 924 nulli
571 887 655 931 honores,
665 887 712 924 nulla
725 886 777 923 huius
791 886 854 923 mundi
877 904 878 910 =

119 947 176 983 maior
186 956 211 984 est
222 945 325 990 substantia,
336 960 389 996 quam
404 958 430 984 est
442 946 485 984 fides
495 947 592 992 catholica3
607 960 651 995 quae
660 957 761 995 peccatores
770 946 854 986 homines

120 1005 182 1050 salvat,
198 1018 258 1043 caecos
273 1005 369 1051 illuminat,
384 1006 463 1043 infirmos
477 1017 530 1050 curat,
546 1006 682 1043 catechumenos
695 1005 778 1054 baptizat,
793 1004 853 1041 fideles

120 1065 208 1112 iustificat,
222 1066 335 1113 poenitentes
349 1077 423 1114 reparat,
433 1067 489 1103 iustos
498 1077 609 1115 augmentat,
623 1076 709 1115 martyres
722 1076 803 1111 coronat,
817 1066 853 1101 vir-

119 1126 175 1173 gines,
189 1125 256 1172 viduas,
271 1134 287 1162 et
302 1125 404 1174 coniugales
421 1136 468 1163 casto
486 1126 554 1173 pudore
573 1136 672 1171 conservat,
687 1125 760 1162 clericos
774 1124 852 1170 ordinat,

119 1183 219 1221 sacerdotes
233 1194 332 1230 consecrat,
342 1183 432 1221 credentes
445 1197 484 1221 cum
498 1185 564 1221 sanctis
578 1185 646 1232 angelis
660 1185 677 1220 in
690 1193 760 1221 aeterna
773 1183 853 1220 haeredi-

119 1253 153 1280 tate
167 1244 259 1280 coelorum
274 1244 355 1282 collocat.
369 1243 404 1281 Ubi
417 1253 475 1280 autem
490 1257 532 1281 sana
545 1243 590 1281 fides
603 1257 639 1280 nou
653 1254 684 1288 est,
693 1257 729 1280 non
742 1252 801 1293 potest
815 1255 854 1280 esse

119 1302 189 1345 iustitia,
204 1302 243 1351 quia
257 1303 315 1338 iustus
329 1315 350 1338 ex
363 1302 397 1339 fide
410 1303 463 1346 vivit;
477 1312 494 1339 et
508 1305 538 1352 qui
552 1313 599 1339 caret
613 1303 689 1339 iustitiae
702 1303 773 1347 merito,
785 1302 852 1350 p'ortio-

118 1374 158 1397 nem
173 1361 238 1398 nullam
254 1361 326 1399 habebit
341 1375 380 1399 curu
394 1362 471 1400 Christo.
484 1363 536 1400 Fides
553 1373 579 1399 est
592 1363 679 1399 humanae
696 1361 756 1399 salutis
773 1359 853 1408 initium,

118 1421 156 1457 sine
170 1434 203 1469 qua
217 1434 271 1458 nemo
285 1421 307 1469 ad
320 1434 415 1458 natinerum
424 1421 502 1459 filiorum
510 1422 545 1459 Dei
555 1431 615 1470 potest
624 1422 728 1471 pertingere,
738 1434 769 1458 nec
783 1430 852 1469 partem

117 1481 195 1530 aliquam
215 1481 233 1517 iu
251 1493 307 1529 regno
325 1481 358 1518 Dei
379 1482 476 1530 possidere.
494 1482 547 1519 Fides
567 1481 700 1518 haradameutum
720 1483 808 1518 virtutum
827 1492 853 1517 est

118 1541 209 1577 ommuni:
225 1541 310 1589 quicquid
325 1550 373 1577 extra
386 1540 439 1577 fidem
453 1542 518 1590 agitur,
530 1540 594 1589 procul
608 1539 661 1577 dubio
675 1540 695 1577 ad
708 1539 808 1588 gehennam
824 1552 852 1575 ae-

117 1598 203 1636 dificatur.
214 1600 265 1636 Fides
280 1598 376 1636 christiana
390 1599 455 1648 lampas
469 1609 495 1636 est
509 1599 638 1648 pulcherrima,
651 1598 751 1636 illuminans
765 1599 850 1644 animam,

116 1669 133 1695 et
146 1670 177 1706 per
191 1657 325 1695 observantiam
339 1658 463 1695 mandatotum
477 1659 592 1696 introducens
606 1670 645 1694 eam
659 1657 680 1695 ad
693 1657 809 1695 foelicitatem
823 1671 852 1694 ae-

115 1728 190 1755 ternam.
204 1717 256 1754 Fides
270 1718 288 1753 in
303 1719 364 1766 primis
378 1728 455 1766 mentem
469 1718 537 1755 reducit
550 1717 571 1755 ad
585 1718 619 1753 Dei
632 1719 729 1762 scientiam,
745 1726 807 1766 postea
821 1716 850 1753 dat

116 1788 207 1826 praecepta
220 1776 294 1813 vivendi
307 1776 329 1814 ad
343 1776 471 1814 obedientiam:
486 1788 502 1814 et
517 1790 557 1814 cum
575 1778 630 1814 homo
644 1778 677 1813 Dei
692 1777 773 1814 mandata
792 1786 851 1813 custo-

115 1834 173 1881 dierit,
186 1848 225 1883 spes
239 1835 375 1884 consequendae
393 1835 454 1871 salutis
472 1836 552 1884 erigitur,
566 1835 629 1873 deinde
647 1835 720 1872 charitas
734 1837 751 1872 in
766 1835 850 1872 cordibus

116 1892 201 1930 firmatur.
215 1894 267 1930 Fides
285 1894 408 1942 cognitionem
426 1893 454 1930 dut
471 1894 550 1939 aniruae;
568 1895 648 1943 cognitio
666 1896 710 1942 parit
727 1895 816 1931 actionem
833 1895 851 1930 in

116 1952 209 1999 charitate3
227 1963 244 1989 et
262 1953 290 1989 his
309 1951 379 1989 duobus
397 1951 486 1989 beatitudo
504 1953 635 2001 repromittitur
653 1955 670 1990 in
687 1954 798 1990 aeternitate„
818 1954 850 1990 Ca-

115 2011 192 2049 vendum
205 2024 329 2059 summopere,
344 2024 366 2048 ne
379 2012 402 2047 sit
416 2024 464 2048 error
478 2012 495 2047 iu
510 2012 621 2060 cognitione;
635 2013 681 2062 quia,
691 2013 733 2050 dum
746 2012 789 2050 fides
803 2023 851 2050 recta

114 2072 208 2108 haeresum
221 2071 298 2109 falsitate
312 2072 439 2119 corrumpitur,
454 2071 475 2108 ad
488 2070 550 2107 salutis
564 2080 636 2119 portum
647 2072 714 2109 actione
727 2071 775 2108 nulla
789 2085 850 2120 perve-

114 2133 167 2169 nitur.
181 2131 207 2168 Sit
220 2144 263 2180 ergo
277 2132 295 2169 in
309 2130 344 2167 fide
357 2130 451 2174 rectitudo,
466 2139 483 2167 et
496 2131 570 2176 ueritas;
584 2131 603 2166 in
616 2132 684 2168 actione
698 2132 770 2174 iustitia,
785 2143 802 2168 et
815 2133 850 2168 sin-

115 2192 182 2234 ceritas,
197 2202 214 2228 et
226 2191 275 2228 nulla
285 2190 406 2228 dominabitur
416 2191 504 2239 iniquitas,
514 2189 566 2226 Fides
581 2190 627 2226 enim
641 2192 677 2226 sine
687 2190 768 2238 operibus
779 2200 850 2228 mortua

114 2260 145 2294 est,
160 2259 177 2287 et
190 2250 234 2287 nihil
248 2261 328 2287 metetur
342 2251 363 2287 ad
377 2250 452 2287 salutem
462 2249 553 2286 felicitatis
562 2259 648 2286 aeternae,
660 2249 719 2286 Fidem
733 2248 798 2286 habere
812 2251 850 2287 sine

114 2309 196 2359 operibus
210 2310 306 2354 chariratis,
321 2321 347 2347 est
361 2310 425 2347 imitari
443 2309 545 2354 daemones,
561 2310 590 2358 qui
609 2321 649 2345 cum
663 2308 683 2345 ab
697 2311 746 2346 onmi
764 2309 850 2347 charitate

115 2383 186 2417 prorsus
200 2371 234 2406 sint
248 2369 307 2414 alieni,
317 2370 376 2406 Deum
390 2378 449 2406 tamen
463 2382 501 2406 esse
514 2370 582 2405 iustum
597 2377 614 2403 et
627 2367 705 2412 credunt,
719 2377 736 2405 et
752 2372 849 2405 contremi—

114 2439 170 2466 scunt.
184 2429 230 2465 Hinc
245 2429 266 2466 de
281 2428 362 2473 credulis,
377 2429 408 2478 qui
421 2441 479 2476 opera
496 2441 532 2465 nou
549 2426 632 2463 exhibent
650 2427 745 2474 charitatis,
759 2429 849 2465 Dominus

114 2487 192 2537 loquitur
206 2500 236 2535 per
252 2488 359 2536 prophetam
373 2487 447 2530 Esaiam,
461 2497 478 2524 et
492 2497 554 2534 postea
571 2498 602 2534 per
620 2487 735 2534 semetipsum
751 2488 770 2523 in
787 2497 849 2525 sancto

115 2546 210 2594 Evangelio
228 2545 293 2583 dicens.
308 2546 387 2594 Populus
405 2547 433 2582 hic
451 2545 500 2582 labiis
514 2558 543 2581 me
562 2544 649 2589 honorat,
665 2557 694 2582 cor
709 2556 768 2583 aurem
786 2559 849 2583 eorum

115 2605 167 2654 longe
182 2615 207 2642 est
221 2619 230 2641 a
243 2619 278 2642 me.
293 2606 329 2650 Qui
343 2606 434 2643 Cluistum
453 2619 482 2642 ore
500 2604 561 2641 laudat
574 2605 612 2640 sine
630 2616 688 2652 opere,
701 2607 751 2654 qtaasi
769 2606 801 2649 uir,
818 2606 848 2654 qui

116 2663 183 2701 dubitat
197 2666 214 2701 in
227 2663 268 2702 fide.
281 2665 328 2703 Nam
342 2666 357 2700 si
370 2665 455 2701 veraciter
468 2664 552 2706 crederet,
563 2663 621 2700 Deum
635 2664 695 2711 utique
708 2665 783 2702 timeret.
797 2665 849 2701 Fides
