1968 3023
187 181 220 212 162
403 176 429 213 De
442 176 520 213 charitate
533 174 604 212 lrarainit
617 174 634 211 ia
647 175 708 212 Denta.

185 255 271 293 toleravit.
281 256 345 292 Nostri
358 256 424 305 quippe
433 268 494 292 amore
506 253 550 291 liber
564 268 573 291 a
586 255 649 292 mortis
659 254 719 291 debito
728 254 829 291 voluntarie
839 255 922 301 moritur,

185 324 202 351 et
216 315 245 364 qui
259 315 280 352 ab
295 316 345 352 omni
363 325 437 364 peccato
455 327 524 363 semper
541 314 625 351 immunis
644 315 709 360 extitit,
724 316 817 360 innocens,
832 323 849 351 et
864 315 921 351 iustus

185 386 217 422 pro
232 376 298 411 nostris
312 376 390 423 peccatis
400 374 462 411 volens
477 373 608 419 condemnatur.
618 374 718 410 iustissima
732 386 775 422 ergo
789 374 857 411 ratione
871 373 921 412 nobis

186 434 299 483 praecipitur,
313 445 333 471 ut
346 436 445 472 Dominum
457 435 515 470 Deum
528 444 609 470 nostrum
623 446 644 470 ex
658 443 697 471 toto
711 433 765 471 corde
779 433 881 482 diligamus,
892 435 921 483 qui

185 506 218 529 nos
232 506 273 530 cum
287 507 324 531 non
338 507 423 540 essemus,
438 508 458 530 ex
472 493 509 531 sola
522 493 599 531 bonitate
613 493 701 531 condidit:
716 503 733 529 et
747 505 787 529 cum
801 493 921 542 periissemus,

186 553 325 590 misericorditer
334 553 420 590 liberavit.
431 553 518 591 Omnium
527 554 614 590 virtutum
624 553 696 590 dilectio
705 554 739 590 Dei
749 563 775 589 est
785 554 867 597 inanima,
877 567 922 602 quo-

185 612 233 648 niam
248 612 333 661 quicquid
347 612 396 658 boni,
406 611 490 660 quicquid
504 612 574 648 virtutis
587 612 605 648 in
618 612 652 648 hoc
666 611 733 649 natando
747 612 810 661 agitur,
825 613 839 648 si
852 624 887 649 non
901 611 921 648 fit

186 684 206 707 ex
220 670 305 707 charitate
318 672 336 708 in
349 672 416 716 Deum,
429 669 510 707 mercede
527 680 617 709 vacuatur.
632 670 713 708 Charitas
727 671 744 707 in
758 670 816 708 Deum
832 671 921 709 conscien-

185 730 228 767 tiam
242 728 262 767 ab
276 732 326 768 omui
340 730 405 768 delicto
420 729 506 778 purificat,
515 731 599 779 quoniam
613 730 633 774 is,
647 730 788 778 qniDominum
797 730 856 767 Deum
869 744 921 767 suum

185 801 206 826 cn
220 797 258 826 tota
271 790 330 826 anima
343 802 382 834 sua,
397 790 444 826 etin
458 798 496 827 toro
511 788 568 833 corde,
583 797 599 826 et
613 802 634 826 ex
647 791 697 827 omni
711 788 815 827 fortitudine
829 803 860 827 sua
873 802 921 828 vera-

185 850 227 888 citer
241 847 305 897 diligit,
319 848 382 897 procul
396 847 450 885 dubio
464 848 534 886 nullum
547 849 564 885 in
578 862 609 886 sua
623 850 731 886 conscientia
745 849 805 886 locum
818 850 865 887 vitiis
880 862 920 887 con-

185 908 235 946 cedit.
251 907 287 945 Cor
302 908 373 951 etenim,
383 906 432 957 quod
445 921 495 945 arator
504 908 537 945 Dei
551 918 630 956 occupat,
640 907 689 945 nulla
697 909 784 945 vitiorum
798 909 921 946 immundities

185 965 276 1004 subintrat.
287 966 390 1003 Thesaurus
400 965 503 1004 iudeficiens
512 976 538 1004 est
547 979 597 1004 amor
605 968 645 1014 Dei,
655 981 709 1017 qtaem
718 967 748 1016 qui
757 968 844 1015 possidet,
853 969 920 1005 cunctis

185 1026 246 1065 mundi
260 1025 381 1074 locupletibus
394 1034 421 1062 est
435 1025 498 1062 ditior:
513 1039 548 1074 quo
563 1026 592 1074 qui
606 1036 659 1072 caret,
673 1025 757 1062 omnibus
775 1026 881 1076 pauperibus
895 1036 921 1063 est

185 1078 273 1123 miserior.
280 1086 327 1122 Hinc
337 1094 408 1123 sanctus
416 1085 482 1122 Christi
489 1084 531 1122 dicit
538 1085 636 1134 Apostolus
644 1100 647 1122 :
658 1084 779 1135 Diligentibus
788 1086 853 1133 Deum,
861 1087 921 1124 onmia

187 1155 306 1195 cooperantur
315 1148 332 1182 in
341 1144 416 1191 bonum,
424 1145 508 1194 quoniam
517 1144 561 1181 nihil
568 1144 617 1181 deest
625 1143 728 1181 timentibus
736 1144 793 1182 illum.
800 1144 849 1181 Felix
859 1145 921 1192 homo,

186 1207 202 1242 iu
217 1206 267 1242 cuius
282 1206 335 1243 corde
349 1215 418 1253 praeter
431 1217 511 1242 amorem
525 1204 596 1247 Christi,
605 1203 658 1245 ,nulla
674 1203 766 1253 colligatio
784 1214 864 1242 terrenae
878 1203 920 1241 dile-

186 1266 250 1302 ctionis
264 1265 357 1311 inhabitat,
371 1266 402 1313 qui
416 1264 437 1301 ad
450 1264 515 1301 nullius
528 1263 606 1301 hominis
620 1264 726 1301 memoriam
743 1264 825 1312 suspirat,
839 1264 856 1301 in
870 1265 920 1301 cuius

185 1324 294 1361 conscientia
308 1324 376 1372 puritas
385 1322 457 1369 residet,
467 1333 483 1359 et
497 1322 566 1360 divinus
579 1335 629 1360 anaor
643 1335 713 1371 semper
726 1322 850 1360 ardentissime
859 1322 920 1360 fervet.

185 1385 249 1419 Amate
263 1383 314 1419 illum
329 1396 340 1419 o
354 1382 417 1419 iratres
431 1384 472 1428 mei,
481 1383 511 1431 qui
525 1396 584 1420 aurore
594 1384 649 1419 vestri
659 1381 750 1431 descendit
763 1383 781 1419 in
795 1382 869 1431 virginis
882 1391 920 1418 nte-

183 1454 229 1479 rum.
238 1441 291 1478 lllum
301 1454 373 1490 semper
382 1451 452 1489 portate
464 1442 482 1477 iu
496 1440 577 1478 cordibus
587 1442 657 1487 vestris,
667 1443 698 1490 qui
707 1441 757 1479 vobis
767 1454 798 1477 sua
808 1450 866 1478 morte
881 1453 920 1488 ape-

183 1501 218 1538 ruit
232 1501 308 1537 caelum.
322 1501 348 1537 Sit
362 1501 379 1537 in
393 1499 444 1537 vobis
457 1502 597 1549 omnitempore
611 1500 680 1544 iratres,
695 1509 714 1537 ut
727 1513 782 1547 morS,
793 1499 844 1538 fortis
854 1500 920 1537 Christi
950 1506 952 1509 “

183 1560 261 1604 dilectio,
271 1571 359 1609 quatenus
367 1561 403 1596 vita
412 1570 471 1596 vestra
479 1560 546 1597 Christi
555 1561 646 1597 doctrinae
656 1561 678 1596 sit
686 1560 790 1606 conlotmis,
798 1570 816 1596 et
825 1561 840 1596 si
849 1559 920 1609 quando

183 1620 235 1656 inerit
248 1621 369 1656 necessarium
384 1620 476 1667 moripro
490 1620 527 1656 eins
537 1632 603 1665 amore,
613 1632 648 1655 non
662 1620 748 1664 timeatis,
762 1620 858 1667 sicutipse
872 1621 919 1668 prior

183 1678 241 1716 subite
255 1689 333 1716 mortem
347 1691 379 1728 pro
393 1679 444 1715 nobis
458 1677 532 1726 placide,
543 1691 563 1715 ac
577 1677 651 1727 benigne
662 1678 745 1728 dignatus
759 1688 790 1715 est.
801 1681 858 1715 Amor
871 1680 918 1728 enim

128 1767 129 1770 ,
183 1738 249 1776 Christi
263 1738 373 1775 monachum
386 1737 426 1774 Deo
440 1737 481 1775 facit
494 1738 602 1787 proximum,
616 1747 633 1774 et
646 1738 677 1787 qui
690 1751 761 1786 semper
779 1747 806 1774 est
819 1737 888 1775 fervens
902 1739 919 1774 in

183 1798 268 1835 charitate
282 1798 363 1843 Domini,
374 1798 486 1835 consortium
496 1807 598 1846 assequetur
612 1798 723 1847 angelorum.
734 1798 792 1835 Amor
802 1797 869 1835 Christi
878 1797 919 1835 iacit

183 1858 276 1895 hominem
290 1867 352 1894 contra
366 1869 428 1894 omnes
443 1856 549 1894 daemonum
567 1857 642 1894 insultus
656 1870 695 1893 esse
713 1856 839 1902 fortissimum,
853 1867 869 1893 et
883 1869 919 1894 non

182 1918 242 1954 miuus
255 1917 273 1953 in
287 1915 372 1961 aduersis,
387 1928 440 1965 quam
453 1916 471 1951 in
487 1916 576 1964 prosperis
593 1915 715 1965 longanimem
731 1916 791 1960 simul,
805 1926 857 1964 atque
871 1926 919 1953 tran-

183 1975 264 2025 quillum.
274 1976 332 2012 Amor
346 1974 413 2012 Christi
428 1975 480 2012 docet
493 1975 580 2012 nnmdum
594 1977 680 2012 veraciter
690 1986 812 2022 contemnere,
826 1985 843 2012 et
857 1989 919 2013 omnes

183 2034 254 2073 delicias
265 2035 308 2079 eins,
318 2035 411 2082 carnisque
424 2034 487 2071 solatia
501 2044 564 2071 cuncta
573 2047 605 2082 pro
615 2034 672 2072 nihilo
686 2046 775 2082 reputare.
785 2036 842 2071 Amor
852 2035 919 2072 Christi

182 2103 242 2131 motus
256 2094 313 2130 carnis
327 2093 399 2130 illicitos
413 2093 448 2130 cito
463 2093 553 2141 deprimit,
564 2104 581 2130 et
590 2095 645 2130 menti
655 2095 755 2131 castitatem
765 2094 879 2143 purissimam
893 2095 919 2131 in·

183 2154 237 2191 ducit.
251 2153 309 2190 Amor
319 2153 384 2190 Christi
399 2163 477 2190 mentem
491 2153 512 2190 ad
526 2154 606 2190 caelestia
620 2166 660 2190 cum
671 2152 759 2190 desiderio
769 2152 843 2190 dulciter
857 2153 919 2200 elevat,

183 2224 200 2250 et
217 2223 331 2261 segregatam
342 2203 354 2249 a
368 2213 442 2249 terrenis
461 2212 478 2249 in
496 2213 581 2261 spirituali
599 2213 684 2250 exercitio
703 2222 801 2249 conservat.
815 2215 872 2250 Amor
885 2213 919 2249 Dei

183 2274 241 2310 omnia
260 2273 305 2309 (lura
322 2271 394 2320 levigat,
409 2280 426 2307 et
440 2284 506 2319 aspera,
520 2272 604 2320 quoniam
621 2270 650 2307 ubi
664 2271 747 2307 Christus
761 2272 778 2307 ln
792 2271 866 2307 veritate
880 2271 918 2308 dili-

181 2333 235 2379 gitut,
245 2330 376 2376 tribulationes,
387 2341 404 2366 et
418 2329 505 2377 quaelibet
514 2329 587 2367 adversa
601 2343 633 2378 pro
643 2329 710 2366 deliciis
721 2339 853 2378 computantur.
862 2331 919 2368 Amor

182 2390 215 2426 Dei
233 2402 304 2438 semper
318 2388 400 2425 inbonis
419 2388 501 2437 operibus
519 2400 544 2426 est
561 2389 647 2436 assiduus,
662 2399 679 2425 et
692 2402 783 2437 nunquam
802 2399 828 2426 est
842 2391 918 2427 ociosus.

181 2451 238 2486 Amor
251 2449 285 2485 Dei
300 2447 399 2485 contemnit
413 2449 516 2496 praesentia,
530 2457 548 2484 et
561 2459 639 2485 mentem
653 2448 723 2485 fortiter·
739 2448 795 2484 elevat
809 2448 830 2484 ad
843 2459 917 2486 aeterna.

181 2510 238 2545 Amor
251 2508 286 2544 Dei
299 2520 331 2545 nec
345 2506 423 2544 bonores
437 2506 498 2553 ambit,
508 2520 540 2544 nec
553 2508 622 2556 quarerit
635 2507 711 2553 divitias,
721 2507 751 2544 sed
760 2508 834 2545 Christo
848 2509 918 2546 coniun-

182 2577 221 2603 ctus
235 2579 266 2615 per
280 2566 395 2612 desiderium,
405 2566 450 2603 nihil
463 2566 537 2603 omnino
547 2567 657 2614 concupiscit
667 2577 737 2614 praeter
751 2566 807 2604 illum.
817 2568 875 2604 Amor
884 2568 917 2604 Dei

182 2626 315 2663 multitudinem
329 2636 444 2674 peccatorum
454 2626 516 2674 operit,
526 2636 542 2663 et
553 2628 612 2663 omnia
622 2625 685 2663 delicta
694 2625 827 2674 poenitentibus
837 2628 917 2668 remittit.

182 2685 239 2722 Amor
252 2685 286 2721 Dei
300 2684 359 2722 subito
373 2683 457 2721 iustificat
470 2686 552 2734 irnpinm,
567 2694 584 2722 et
598 2695 665 2734 quanto
679 2686 736 2733 magis
750 2684 821 2724 dilectio
836 2688 917 2730 creverit,
