1968 3023
357 124 434 164 Hortu‘h'n
448 125 514 164 XVIII
770 135 802 172 127

67 212 100 249 Dei
113 211 243 260 providentiam
258 209 363 255 consulitur,
376 218 396 245 ut
408 201 498 245 beneficiis
516 208 537 245 nd
551 207 624 244 meliora
637 215 763 256 provocentur.
776 204 803 241 Iu·

67 272 107 309 nior
120 270 153 318 fui,
167 271 209 309 dicit
221 270 314 320 propheta,
330 279 347 306 et
361 269 417 315 senui,
431 277 448 305 et
461 281 498 305 non
511 267 547 309 vidi
561 268 627 304 iustum
641 266 755 312 derelictum,
769 276 803 301 nec

67 344 128 369 semen
140 333 177 369 eius
191 331 298 368 mendicans.
311 331 369 375 lacta,
384 329 453 378 inquit,
468 328 567 376 cogitatum
584 336 634 363 tumn
651 327 668 363 in
681 325 771 371 DomIno,
786 333 803 360 et

67 392 104 440 ipse
117 400 134 428 te
147 392 228 435 enutriet,
238 403 274 428 non
288 389 335 427 dabit
348 390 366 426 in
380 398 473 426 aeternum
485 386 620 425 fluctuationem
634 387 686 423 iusto.
700 386 756 423 Novit
765 385 803 421 Do-

66 453 124 489 minus
137 451 241 502 lesus,quid
254 451 350 499 unicuique
364 449 479 487 servulorum
493 460 567 485 suorum
581 446 603 484 ad
616 446 692 483 salutem
702 444 801 488 conveniat,

66 521 83 548 et
97 509 136 549 ideo
150 523 223 549 munera
236 511 333 560 praesentis
347 509 393 546 vitae
406 521 439 558 pro
454 517 506 556 captu
522 506 634 555 singulorum
643 504 758 554 inaequaliter
767 502 802 540 dis-

66 579 133 619 pensat.
147 570 188 607 Non
206 570 252 606 enim
271 567 354 607 omnibus
369 569 430 606 omnia
444 567 561 611 conveniunt3
575 576 668 615 propterea
682 565 770 601 iustorum
784 562 808 598 in

40 664 46 671 ,Α
65 630 100 669 hoc
113 629 180 668 mundo
193 629 244 667 rebus
258 628 388 677 temporalibus
402 627 431 665 alii
444 637 486 663 sunt
500 638 592 675 pauperes,
602 624 630 662 alii
640 636 682 661 vero
696 622 801 671 locupletes.

64 691 92 728 De
105 688 210 739 pauperibus
220 688 308 726 Dominus
318 688 367 724 Iesus
381 688 398 724 in
412 696 475 724 sancto
488 685 580 736 evangelio
595 685 641 722 dicit.
655 684 703 721 Beati
715 694 801 733 pauperes

64 750 133 800 spiritu,
143 749 227 798 quoniam
241 748 321 796 ipsorum
335 756 362 783 est
375 758 450 795 regnum
466 744 564 783 coelorum.
577 745 596 781 Et
611 757 642 792 per
655 743 764 793 Prophetam
773 741 800 778 lo-

65 810 124 859 quitur
137 808 201 846 dicens.
215 807 260 844 Ecce
274 806 336 844 excoxi
350 817 373 851 te,
386 806 417 843 sed
431 819 467 843 non
481 807 530 855 quasi
544 815 641 854 argentum,
652 804 696 853 elegi
710 815 726 841 te
740 804 758 840 in
772 815 799 840 ca-

65 870 113 906 mino
126 867 240 917 paupertatis
253 866 295 903 Non
312 866 360 903 enim
379 865 463 902 conducit
481 864 502 902 ad
517 875 605 902 aeternam
623 864 698 901 salutem
716 861 799 900 omnibus

65 928 117 967 huius
130 926 192 964 mundi
210 925 300 975 possidere
314 925 394 967 divitias,
409 924 439 962 sed
456 924 543 974 quosdam
561 922 631 972 expedit
649 937 686 961 esse
703 935 798 971 paupereS,

64 986 150 1037 quosdam
163 999 206 1024 vero
219 985 323 1035 locupletes,
338 994 392 1033 prout
405 984 494 1021 Domitius
508 985 632 1021 universorum
646 983 708 1032 cuique
720 982 799 1032 providit

64 1060 102 1084 esse
115 1046 182 1084 utitius.
195 1046 222 1083 De
236 1046 296 1091 iustis,
310 1054 327 1082 et
340 1043 391 1082 bonis
405 1042 488 1081 divitibus
502 1043 588 1081 Salomon
606 1043 648 1079 dicit
664 1042 681 1079 iu
694 1041 739 1079 libro
755 1042 799 1079 Pro-

63 1105 176 1152 verbiorum;
188 1104 289 1142 Benedictio
304 1105 378 1141 Domini
392 1103 457 1140 divites
471 1103 519 1150 facit,
533 1115 566 1140 nec
580 1101 676 1143 sociabitur
691 1103 707 1139 ei
720 1101 799 1139 afflietio.

63 1166 81 1203 Si
99 1176 158 1202 autem
175 1164 226 1208 mali,
240 1173 257 1201 et
275 1162 345 1212 reprobi
363 1163 434 1200 divitiis*
447 1161 576 1200 abundaverint
594 1164 611 1199 in
625 1162 659 1199 hoc
671 1161 748 1206 saeculo,
762 1174 799 1199 non

64 1224 128 1262 debent
141 1223 197 1261 bonos
211 1235 284 1261 movere
297 1223 319 1260 ad
332 1222 484 1272 indignationem:
498 1221 530 1258 sed
543 1223 600 1270 magis
613 1222 688 1259 timeant
701 1234 753 1267 eum,
768 1222 799 1271 qui

63 1283 133 1321 nullum
146 1282 213 1320 bonum
227 1280 301 1319 dimittit
314 1283 469 1325 irremuneratum,
484 1291 501 1318 et
515 1281 583 1318 nullum
599 1281 665 1318 malum
683 1282 797 1331 impunitum.

63 1343 120 1381 Malos
130 1343 184 1389 enim,
192 1356 237 1393 quos
250 1351 323 1392 propter
337 1342 450 1392 iniquitatem
464 1354 526 1379 eorum
541 1354 654 1379 remunerare
667 1341 684 1378 iu
699 1341 750 1379 caelis
762 1354 798 1378 non

62 1413 126 1452 potest,
140 1415 172 1453 pro
186 1415 247 1440 eorum
261 1401 312 1439 bonis
326 1402 344 1438 in
358 1402 391 1439 hae
405 1403 441 1439 vita
454 1411 565 1439 remunerat:
580 1400 665 1446 ethonis,
680 1414 724 1451 quos
738 1402 798 1446 hicin

62 1471 165 1512 paupertate
180 1462 241 1506 nutrit,
255 1474 288 1511 pro
302 1462 380 1499 iustitiae
395 1461 466 1507 merito,
477 1471 549 1498 aeterna
566 1463 583 1498 in
597 1461 652 1498 coelis
666 1462 743 1509 praemia
757 1474 798 1499 con-

61 1531 125 1559 servat.
139 1521 207 1559 Verum
220 1521 265 1558 sieut
279 1534 315 1558 non
330 1533 392 1558 omnes
405 1521 424 1557 in
437 1520 471 1557 hoc
485 1520 553 1558 mundo
566 1533 652 1570 pauperes
665 1529 706 1557 sunt
720 1521 765 1563 iusti,
780 1531 798 1557 et

61 1580 109 1624 boni,
118 1581 143 1617 ita
155 1593 191 1617 non
204 1593 266 1617 omnes
280 1593 340 1617 terunt
353 1579 481 1628 temporalium
495 1579 559 1618 divites
572 1581 590 1617 in
604 1581 636 1617 hac
650 1580 685 1617 vita
698 1590 740 1617 sunt
749 1580 796 1618 mali.

20 1683 21 1686 Ἰ
58 1639 149 1677 Malorum
162 1641 282 1676 remuneratio
299 1640 317 1677 in
335 1641 386 1677 terris
405 1640 471 1677 merito
489 1640 527 1677 sine
540 1639 661 1689 indIgnatione
679 1639 750 1678 ferenda
764 1651 796 1687 est,

60 1713 113 1749 quarn
126 1712 162 1737 non
175 1712 225 1736 amor
238 1699 282 1744 Dei,
297 1697 327 1736 sed
345 1699 412 1736 iustitia
425 1698 482 1736 voluit
495 1712 533 1736 esse
550 1709 669 1747 praesentem.
683 1700 736 1737 Unde
752 1701 797 1737 sicut

60 1759 102 1796 mali
115 1758 159 1797 nihil
172 1757 235 1795 habent
248 1759 265 1796 in
279 1758 341 1802 Coelo,
356 1758 380 1795 ita
394 1771 433 1804 vos,
444 1759 474 1807 qui
484 1759 603 1796 Monasticam
617 1768 738 1808 paupertatem
753 1760 795 1796 estis

60 1819 146 1868 professi,
161 1817 204 1855 nihil
220 1817 284 1855 habere
301 1816 369 1855 debetis
387 1818 406 1853 in
424 1811 481 1864 terra,
494 1818 525 1854 sed
542 1831 574 1867 spe
587 1818 634 1855 illius
647 1818 699 1862 boni,
713 1818 734 1856 ad
748 1818 795 1867 quod

59 1878 138 1924 tenditis,
152 1877 235 1926 quicquid
251 1878 269 1913 in
286 1877 315 1913 via
333 1877 428 1926 contigerit
442 1876 518 1922 adversi,
533 1877 610 1915 tolerare
624 1878 752 1927 patientissime
766 1878 795 1915 de-

59 1937 108 1975 betis.
121 1937 174 1983 Nam,
188 1947 207 1973 ut
220 1944 289 1973 sanctus
304 1936 369 1973 Christi
384 1945 453 1972 atnator
465 1935 537 1982 Paulus,
547 1937 577 1982 ait,
592 1949 628 1973 non
642 1948 682 1974 sunt
696 1937 795 1987 condignae

59 1997 149 2045 passiones
162 1996 214 2033 huius
228 1995 313 2043 temporis
331 1994 352 2031 ad
366 2004 514 2043 superventuram
528 1996 615 2045 gloriam,
628 2010 672 2046 quae
688 1997 794 2035 revelabitur

60 2057 77 2092 in
91 2054 147 2092 nobis.
161 2055 198 2099 Qui
211 2054 272 2091 divites
286 2064 327 2091 sunt
341 2055 357 2090 in
369 2053 447 2099 Christo,
462 2055 571 2104 coniungant
584 2056 680 2093 humilitati
694 2058 794 2095 misericor-

59 2115 115 2152 diam:
129 2115 159 2164 qui
171 2127 214 2151 vero
227 2125 268 2151 sunt
277 2126 369 2163 pauperes,
379 2123 451 2150 sumant
465 2127 506 2151 cunt
523 2116 625 2153 innocentia
638 2129 671 2165 pro
684 2117 718 2154 Dei
732 2130 794 2154 amore

58 2175 168 2223 patientiam.
182 2173 233 2211 Miles
247 2175 313 2211 etenim
327 2173 401 2219 Christi,
416 2181 449 2210 nec
462 2184 565 2222 paupertate
579 2175 667 2222 delicitur,
681 2188 714 2212 nec
728 2176 793 2213 divitiis

59 2234 143 2279 elevatur,
154 2233 184 2270 sed
197 2234 214 2270 in
228 2246 247 2270 se
259 2232 321 2270 firmus
336 2233 434 2270 consistens
449 2234 516 2279 anim0,
528 2234 573 2282 Regi
581 2234 677 2272 Coelorum
687 2235 793 2284 tranquillus

58 2291 129 2337 militat,
140 2301 157 2328 et
170 2291 214 2329 nihil
227 2291 248 2328 de
262 2291 314 2328 rebus
328 2291 435 2328 transitoriis
445 2298 499 2328 curat.
509 2291 541 2339 Ita,
549 2294 580 2341 qui
589 2305 641 2329 verus
653 2302 678 2330 est
687 2293 792 2337 Monachus,

57 2364 89 2388 nec
101 2349 182 2387 laudIbus
195 2350 291 2394 extollitur,
306 2363 338 2388 nec
351 2351 482 2397 vituperatione
496 2350 589 2400 frangitur,
600 2365 637 2389 non
648 2354 751 2389 intumescit
762 2366 792 2390 ne-

57 2410 173 2447 cessariarum
190 2422 249 2448 rerum
267 2409 366 2454 affluentia,
380 2423 413 2446 nec
431 2410 542 2447 contrahitur
559 2420 667 2459 paupertate,
681 2411 726 2449 laeta
739 2412 793 2449 simul

57 2471 165 2515 contemnit,
179 2480 195 2507 et
208 2471 272 2507 tristia:
286 2470 377 2519 quoniam,
389 2470 435 2506 sicut
448 2469 538 2518 Propheta
555 2469 633 2517 dixerat,
648 2471 679 2508 Sol
696 2485 737 2509 eum
755 2486 792 2511 uon

57 2540 95 2566 uret
109 2542 139 2578 per
157 2529 215 2574 diem,
229 2543 261 2567 nec
279 2529 320 2567 luna
338 2542 370 2578 pet
383 2539 462 2566 noctem.
476 2529 515 2567 Nos
529 2522 597 2575 autem,
611 2530 673 2569 fratres
687 2532 791 2576 charissimi,

56 2588 141 2626 faciamus
155 2587 176 2624 de
189 2589 293 2626 necessitate
307 2589 398 2634 virtutem,
408 2598 425 2626 et
438 2588 549 2626 voluntatem
563 2587 638 2635 bonam3
653 2600 670 2628 et
684 2590 705 2628 de
717 2604 792 2641 pauper-

56 2650 96 2685 tatis
110 2647 232 2694 inconmodo,
246 2649 299 2698 quod,
308 2649 408 2686 necessatIo
422 2649 505 2698 patimur,
518 2648 584 2687 bonum
598 2649 654 2696 nobis,
669 2661 686 2688 et
699 2652 742 2689 utile
755 2665 791 2690 ma-

822 689 860 714 lian.
870 696 881 722 ς,

820 813 850 839 Esa.
860 813 881 844 48,

835 1706 865 1731 hlnli
875 1705 906 1731 nihil

817 1741 829 1766 iu
835 1741 906 1772 coelo,bo-

816 1777 829 1801 ni
845 1775 877 1801 nihil
892 1776 904 1801 in

817 1810 867 1836 ariundo
875 1818 905 1845 pos-

816 1846 863 1871 rident.

816 1898 855 1923 Rom.
865 1895 877 1923 li.

813 2546 848 2572 Psal.
858 2554 887 2573 azo.
