<?xml version="1.0" encoding="UTF-8"?>
<!DOCTYPE html PUBLIC "-//W3C//DTD XHTML 1.0 Transitional//EN"
    "http://www.w3.org/TR/xhtml1/DTD/xhtml1-transitional.dtd">
<html xmlns="http://www.w3.org/1999/xhtml" xml:lang="en" lang="en">
 <head>
  <title>
</title>
<meta http-equiv="Content-Type" content="text/html;charset=utf-8" />
  <meta name='ocr-system' content='tesseract 3.04.00' />
  <meta name='ocr-capabilities' content='ocr_page ocr_carea ocr_par ocr_line ocrx_word'/>
</head>
<body>
  <div class='ocr_page' id='page_1' title='image "MN5032ucmf_2_0211.png"; bbox 0 0 1968 3023; ppageno 0'>
   <div class='ocr_carea' id='block_1_1' title="bbox 420 132 522 172">
    <p class='ocr_par' dir='ltr' id='par_1_1' title="bbox 420 132 522 172">
     <span class='ocr_line' id='line_1_1' title="bbox 420 132 522 172; baseline -0.01 -1"><span class='ocrx_word' id='word_1_1' title='bbox 420 132 475 172; x_wconf 80' lang='lat' dir='ltr'>Sumo</span> <span class='ocrx_word' id='word_1_2' title='bbox 490 133 500 171; x_wconf 84' lang='lat' dir='ltr'><em>I</em></span> <span class='ocrx_word' id='word_1_3' title='bbox 503 132 522 171; x_wconf 84' lang='lat' dir='ltr'>V.</span> 
     </span>
    </p>
   </div>
   <div class='ocr_carea' id='block_1_2' title="bbox 247 282 686 323">
    <p class='ocr_par' dir='ltr' id='par_1_2' title="bbox 247 282 686 323">
     <span class='ocr_line' id='line_1_2' title="bbox 247 282 686 323; baseline -0.007 -9"><span class='ocrx_word' id='word_1_4' title='bbox 247 284 273 313; x_wconf 76' lang='lat' dir='ltr'>De</span> <span class='ocrx_word' id='word_1_5' title='bbox 283 285 335 314; x_wconf 72' lang='lat' dir='ltr'>airino</span> <span class='ocrx_word' id='word_1_6' title='bbox 345 284 371 314; x_wconf 81' lang='lat' dir='ltr'>oio</span> <span class='ocrx_word' id='word_1_7' title='bbox 381 292 420 323; x_wconf 77' lang='lat' dir='ltr'>quae</span> <span class='ocrx_word' id='word_1_8' title='bbox 430 284 473 313; x_wconf 71' lang='lat' dir='ltr'>{lircil</span> <span class='ocrx_word' id='word_1_9' title='bbox 484 285 505 313; x_wconf 81' lang='lat' dir='ltr'>ari</span> <span class='ocrx_word' id='word_1_10' title='bbox 514 283 567 313; x_wconf 76' lang='lat' dir='ltr'>orlani.</span> <span class='ocrx_word' id='word_1_11' title='bbox 589 283 646 312; x_wconf 79' lang='lat' dir='ltr'>Sermo</span> <span class='ocrx_word' id='word_1_12' title='bbox 656 282 686 312; x_wconf 84' lang='lat' dir='ltr'>IV.</span> 
     </span>
    </p>
   </div>
   <div class='ocr_carea' id='block_1_3' title="bbox 99 390 838 858">
    <p class='ocr_par' dir='ltr' id='par_1_3' title="bbox 150 390 837 439">
     <span class='ocr_line' id='line_1_3' title="bbox 150 390 837 439; baseline -0.003 -9"><span class='ocrx_word' id='word_1_13' title='bbox 150 405 225 439; x_wconf 79' lang='lat' dir='ltr'>uorsars,</span> <span class='ocrx_word' id='word_1_14' title='bbox 236 393 298 431; x_wconf 87' lang='lat' dir='ltr'>fratres</span> <span class='ocrx_word' id='word_1_15' title='bbox 311 393 418 439; x_wconf 79' lang='lat' dir='ltr'>charissimi,</span> <span class='ocrx_word' id='word_1_16' title='bbox 428 393 527 430; x_wconf 91' lang='lat' dir='ltr'>Dominum</span> <span class='ocrx_word' id='word_1_17' title='bbox 541 401 623 429; x_wconf 89' lang='lat' dir='ltr'>nostrum</span> <span class='ocrx_word' id='word_1_18' title='bbox 633 392 691 428; x_wconf 91' lang='lat' dir='ltr'>Iesum</span> <span class='ocrx_word' id='word_1_19' title='bbox 702 390 795 428; x_wconf 83' lang='lat' dir='ltr'>Christum</span> <span class='ocrx_word' id='word_1_20' title='bbox 804 391 837 428; x_wconf 83' lang='lat' dir='ltr'>lio·</span> 
     </span>
    </p>

    <p class='ocr_par' dir='ltr' id='par_1_4' title="bbox 99 450 838 858">
     <span class='ocr_line' id='line_1_4' title="bbox 162 450 837 501; baseline -0.004 -12"><span class='ocrx_word' id='word_1_21' title='bbox 162 452 222 490; x_wconf 86' lang='lat' dir='ltr'>dierna</span> <span class='ocrx_word' id='word_1_22' title='bbox 231 453 308 491; x_wconf 88' lang='lat' dir='ltr'>lectione</span> <span class='ocrx_word' id='word_1_23' title='bbox 322 455 340 491; x_wconf 89' lang='lat' dir='ltr'>in</span> <span class='ocrx_word' id='word_1_24' title='bbox 354 461 416 490; x_wconf 91' lang='lat' dir='ltr'>sancto</span> <span class='ocrx_word' id='word_1_25' title='bbox 430 452 522 501; x_wconf 80' lang='lat' dir='ltr'>evangelio</span> <span class='ocrx_word' id='word_1_26' title='bbox 536 450 633 488; x_wconf 82' lang='lat' dir='ltr'>dicentem:</span> <span class='ocrx_word' id='word_1_27' title='bbox 648 452 708 496; x_wconf 88' lang='lat' dir='ltr'>Quam</span> <span class='ocrx_word' id='word_1_28' title='bbox 722 461 797 499; x_wconf 84' lang='lat' dir='ltr'>angusta</span> <span class='ocrx_word' id='word_1_29' title='bbox 810 461 837 488; x_wconf 89' lang='lat' dir='ltr'>est</span> 
     </span>
     <span class='ocr_line' id='line_1_5' title="bbox 99 511 838 562; baseline -0.001 -14"><span class='ocrx_word' id='word_1_30' title='bbox 99 521 157 560; x_wconf 86' lang='lat' dir='ltr'>porta,</span> <span class='ocrx_word' id='word_1_31' title='bbox 172 522 189 549; x_wconf 89' lang='lat' dir='ltr'>et</span> <span class='ocrx_word' id='word_1_32' title='bbox 202 522 250 549; x_wconf 84' lang='lat' dir='ltr'>arcta</span> <span class='ocrx_word' id='word_1_33' title='bbox 262 513 298 558; x_wconf 81' lang='lat' dir='ltr'>uia,</span> <span class='ocrx_word' id='word_1_34' title='bbox 313 525 357 562; x_wconf 89' lang='lat' dir='ltr'>quae</span> <span class='ocrx_word' id='word_1_35' title='bbox 371 512 420 549; x_wconf 86' lang='lat' dir='ltr'>ducit</span> <span class='ocrx_word' id='word_1_36' title='bbox 433 511 454 548; x_wconf 80' lang='lat' dir='ltr'>ari</span> <span class='ocrx_word' id='word_1_37' title='bbox 467 512 527 556; x_wconf 84' lang='lat' dir='ltr'>uitam,</span> <span class='ocrx_word' id='word_1_38' title='bbox 542 520 559 547; x_wconf 95' lang='lat' dir='ltr'>et</span> <span class='ocrx_word' id='word_1_39' title='bbox 573 511 626 559; x_wconf 90' lang='lat' dir='ltr'>pauci</span> <span class='ocrx_word' id='word_1_40' title='bbox 640 520 687 557; x_wconf 81' lang='lat' dir='ltr'>sunt,</span> <span class='ocrx_word' id='word_1_41' title='bbox 701 511 732 559; x_wconf 91' lang='lat' dir='ltr'>qui</span> <span class='ocrx_word' id='word_1_42' title='bbox 745 511 838 547; x_wconf 77' lang='lat' dir='ltr'>irureuiunt</span> 
     </span>
     <span class='ocr_line' id='line_1_6' title="bbox 99 570 836 621; baseline -0.004 -12"><span class='ocrx_word' id='word_1_43' title='bbox 99 584 144 609; x_wconf 86' lang='lat' dir='ltr'>eam</span> <span class='ocrx_word' id='word_1_44' title='bbox 157 572 222 609; x_wconf 83' lang='lat' dir='ltr'>Nonne</span> <span class='ocrx_word' id='word_1_45' title='bbox 236 573 274 620; x_wconf 89' lang='lat' dir='ltr'>ipse</span> <span class='ocrx_word' id='word_1_46' title='bbox 288 571 370 609; x_wconf 91' lang='lat' dir='ltr'>Christus</span> <span class='ocrx_word' id='word_1_47' title='bbox 385 580 410 609; x_wconf 90' lang='lat' dir='ltr'>est</span> <span class='ocrx_word' id='word_1_48' title='bbox 424 572 457 615; x_wconf 86' lang='lat' dir='ltr'>via,</span> <span class='ocrx_word' id='word_1_49' title='bbox 472 572 502 621; x_wconf 90' lang='lat' dir='ltr'>qui</span> <span class='ocrx_word' id='word_1_50' title='bbox 516 571 592 608; x_wconf 76' lang='lat' dir='ltr'>dixerat:</span> <span class='ocrx_word' id='word_1_51' title='bbox 606 570 645 619; x_wconf 86' lang='lat' dir='ltr'>Ego</span> <span class='ocrx_word' id='word_1_52' title='bbox 658 582 698 607; x_wconf 90' lang='lat' dir='ltr'>snm</span> <span class='ocrx_word' id='word_1_53' title='bbox 712 570 748 615; x_wconf 90' lang='lat' dir='ltr'>via,</span> <span class='ocrx_word' id='word_1_54' title='bbox 763 570 836 615; x_wconf 83' lang='lat' dir='ltr'>veritas,</span> 
     </span>
     <span class='ocr_line' id='line_1_7' title="bbox 100 630 836 680; baseline -0.003 -13"><span class='ocrx_word' id='word_1_55' title='bbox 100 641 116 668; x_wconf 90' lang='lat' dir='ltr'>et</span> <span class='ocrx_word' id='word_1_56' title='bbox 125 631 173 668; x_wconf 85' lang='lat' dir='ltr'>vita?</span> <span class='ocrx_word' id='word_1_57' title='bbox 186 631 208 668; x_wconf 91' lang='lat' dir='ltr'>Et</span> <span class='ocrx_word' id='word_1_58' title='bbox 217 644 253 680; x_wconf 94' lang='lat' dir='ltr'>quo</span> <span class='ocrx_word' id='word_1_59' title='bbox 267 630 322 669; x_wconf 84' lang='lat' dir='ltr'>modo</span> <span class='ocrx_word' id='word_1_60' title='bbox 336 644 383 668; x_wconf 90' lang='lat' dir='ltr'>nuuc</span> <span class='ocrx_word' id='word_1_61' title='bbox 396 630 444 675; x_wconf 77' lang='lat' dir='ltr'>didit,</span> <span class='ocrx_word' id='word_1_62' title='bbox 458 644 497 668; x_wconf 88' lang='lat' dir='ltr'>eam</span> <span class='ocrx_word' id='word_1_63' title='bbox 512 640 578 668; x_wconf 91' lang='lat' dir='ltr'>arctam</span> <span class='ocrx_word' id='word_1_64' title='bbox 592 643 637 676; x_wconf 87' lang='lat' dir='ltr'>esse,</span> <span class='ocrx_word' id='word_1_65' title='bbox 649 639 666 667; x_wconf 86' lang='lat' dir='ltr'>et</span> <span class='ocrx_word' id='word_1_66' title='bbox 679 639 781 679; x_wconf 78' lang='lat' dir='ltr'>augustam,</span> <span class='ocrx_word' id='word_1_67' title='bbox 795 642 836 666; x_wconf 90' lang='lat' dir='ltr'>curn</span> 
     </span>
     <span class='ocr_line' id='line_1_8' title="bbox 99 688 836 739; baseline -0.003 -12"><span class='ocrx_word' id='word_1_68' title='bbox 99 692 137 738; x_wconf 89' lang='lat' dir='ltr'>ipse</span> <span class='ocrx_word' id='word_1_69' title='bbox 150 691 177 734; x_wconf 85' lang='lat' dir='ltr'>sit,</span> <span class='ocrx_word' id='word_1_70' title='bbox 188 691 218 739; x_wconf 90' lang='lat' dir='ltr'>qui</span> <span class='ocrx_word' id='word_1_71' title='bbox 232 690 309 737; x_wconf 79' lang='lat' dir='ltr'>dirrerat3</span> <span class='ocrx_word' id='word_1_72' title='bbox 323 690 392 728; x_wconf 89' lang='lat' dir='ltr'>Tollite</span> <span class='ocrx_word' id='word_1_73' title='bbox 405 690 466 739; x_wconf 84' lang='lat' dir='ltr'>iugum</span> <span class='ocrx_word' id='word_1_74' title='bbox 480 703 541 728; x_wconf 84' lang='lat' dir='ltr'>meunt</span> <span class='ocrx_word' id='word_1_75' title='bbox 555 703 607 739; x_wconf 91' lang='lat' dir='ltr'>super</span> <span class='ocrx_word' id='word_1_76' title='bbox 620 702 664 727; x_wconf 87' lang='lat' dir='ltr'>vos:</span> <span class='ocrx_word' id='word_1_77' title='bbox 679 698 697 725; x_wconf 87' lang='lat' dir='ltr'>et</span> <span class='ocrx_word' id='word_1_78' title='bbox 711 688 774 726; x_wconf 80' lang='lat' dir='ltr'><strong>discite</strong></span> <span class='ocrx_word' id='word_1_79' title='bbox 783 702 792 725; x_wconf 87' lang='lat' dir='ltr'>a</span> <span class='ocrx_word' id='word_1_80' title='bbox 802 702 836 735; x_wconf 85' lang='lat' dir='ltr'>me,</span> 
     </span>
     <span class='ocr_line' id='line_1_9' title="bbox 99 749 836 800; baseline -0.003 -14"><span class='ocrx_word' id='word_1_81' title='bbox 99 750 140 800; x_wconf 84' lang='lat' dir='ltr'>quia</span> <span class='ocrx_word' id='word_1_82' title='bbox 153 750 202 786; x_wconf 90' lang='lat' dir='ltr'>nritis</span> <span class='ocrx_word' id='word_1_83' title='bbox 216 762 263 795; x_wconf 89' lang='lat' dir='ltr'>sum,</span> <span class='ocrx_word' id='word_1_84' title='bbox 274 760 291 786; x_wconf 80' lang='lat' dir='ltr'>ec</span> <span class='ocrx_word' id='word_1_85' title='bbox 300 750 374 787; x_wconf 91' lang='lat' dir='ltr'>humilis</span> <span class='ocrx_word' id='word_1_86' title='bbox 383 749 443 786; x_wconf 88' lang='lat' dir='ltr'>corde.</span> <span class='ocrx_word' id='word_1_87' title='bbox 453 751 517 799; x_wconf 81' lang='lat' dir='ltr'>Iugum</span> <span class='ocrx_word' id='word_1_88' title='bbox 529 750 577 786; x_wconf 84' lang='lat' dir='ltr'>eninr</span> <span class='ocrx_word' id='word_1_89' title='bbox 586 762 647 786; x_wconf 89' lang='lat' dir='ltr'>meum</span> <span class='ocrx_word' id='word_1_90' title='bbox 657 761 710 786; x_wconf 83' lang='lat' dir='ltr'>suane</span> <span class='ocrx_word' id='word_1_91' title='bbox 720 758 752 793; x_wconf 87' lang='lat' dir='ltr'>est,</span> <span class='ocrx_word' id='word_1_92' title='bbox 764 758 781 786; x_wconf 92' lang='lat' dir='ltr'>et</span> <span class='ocrx_word' id='word_1_93' title='bbox 791 761 836 786; x_wconf 90' lang='lat' dir='ltr'>onus</span> 
     </span>
     <span class='ocr_line' id='line_1_10' title="bbox 100 809 838 858; baseline -0.001 -12"><span class='ocrx_word' id='word_1_94' title='bbox 100 822 161 846; x_wconf 91' lang='lat' dir='ltr'>meum</span> <span class='ocrx_word' id='word_1_95' title='bbox 174 809 218 847; x_wconf 82' lang='lat' dir='ltr'>leve.</span> <span class='ocrx_word' id='word_1_96' title='bbox 232 809 282 853; x_wconf 84' lang='lat' dir='ltr'>Quid</span> <span class='ocrx_word' id='word_1_97' title='bbox 295 809 343 846; x_wconf 86' lang='lat' dir='ltr'>aliud</span> <span class='ocrx_word' id='word_1_98' title='bbox 356 819 382 846; x_wconf 88' lang='lat' dir='ltr'>est</span> <span class='ocrx_word' id='word_1_99' title='bbox 396 809 458 857; x_wconf 84' lang='lat' dir='ltr'>inguar</span> <span class='ocrx_word' id='word_1_100' title='bbox 472 809 545 856; x_wconf 80' lang='lat' dir='ltr'>Christi,</span> <span class='ocrx_word' id='word_1_101' title='bbox 559 822 611 858; x_wconf 89' lang='lat' dir='ltr'>quam</span> <span class='ocrx_word' id='word_1_102' title='bbox 626 819 673 846; x_wconf 90' lang='lat' dir='ltr'>arcta</span> <span class='ocrx_word' id='word_1_103' title='bbox 684 809 718 855; x_wconf 85' lang='lat' dir='ltr'>via,</span> <span class='ocrx_word' id='word_1_104' title='bbox 731 819 748 845; x_wconf 90' lang='lat' dir='ltr'>et</span> <span class='ocrx_word' id='word_1_105' title='bbox 762 817 838 858; x_wconf 83' lang='lat' dir='ltr'>angusta</span> 
     </span>
    </p>
   </div>
   <div class='ocr_carea' id='block_1_4' title="bbox 100 867 855 918">
    <p class='ocr_par' dir='ltr' id='par_1_5' title="bbox 100 867 855 918">
     <span class='ocr_line' id='line_1_11' title="bbox 100 867 855 918; baseline -0.001 -12"><span class='ocrx_word' id='word_1_106' title='bbox 100 867 122 906; x_wconf 90' lang='lat' dir='ltr'>ad</span> <span class='ocrx_word' id='word_1_107' title='bbox 135 881 210 917; x_wconf 80' lang='lat' dir='ltr'>regnunt</span> <span class='ocrx_word' id='word_1_108' title='bbox 224 869 270 905; x_wconf 84' lang='lat' dir='ltr'>Dei?</span> <span class='ocrx_word' id='word_1_109' title='bbox 284 868 384 912; x_wconf 81' lang='lat' dir='ltr'>Quomodo</span> <span class='ocrx_word' id='word_1_110' title='bbox 398 881 441 917; x_wconf 82' lang='lat' dir='ltr'>ergo</span> <span class='ocrx_word' id='word_1_111' title='bbox 455 878 472 905; x_wconf 88' lang='lat' dir='ltr'>et</span> <span class='ocrx_word' id='word_1_112' title='bbox 486 869 535 916; x_wconf 83' lang='lat' dir='ltr'>levis,</span> <span class='ocrx_word' id='word_1_113' title='bbox 549 878 566 904; x_wconf 92' lang='lat' dir='ltr'>et</span> <span class='ocrx_word' id='word_1_114' title='bbox 579 869 666 918; x_wconf 77' lang='lat' dir='ltr'>angusta?</span> <span class='ocrx_word' id='word_1_115' title='bbox 681 867 747 905; x_wconf 78' lang='lat' dir='ltr'>Audiat</span> <span class='ocrx_word' id='word_1_116' title='bbox 761 868 837 905; x_wconf 86' lang='lat' dir='ltr'>charitas</span> <span class='ocrx_word' id='word_1_117' title='bbox 854 902 855 905; x_wconf 75' lang='grc'>,</span> 
     </span>
    </p>
   </div>
   <div class='ocr_carea' id='block_1_5' title="bbox 50 926 839 2696">
    <p class='ocr_par' dir='ltr' id='par_1_6' title="bbox 99 926 837 1691">
     <span class='ocr_line' id='line_1_12' title="bbox 100 926 836 976; baseline -0.001 -11"><span class='ocrx_word' id='word_1_118' title='bbox 100 936 164 965; x_wconf 86' lang='lat' dir='ltr'>vestra.</span> <span class='ocrx_word' id='word_1_119' title='bbox 178 928 242 976; x_wconf 84' lang='lat' dir='ltr'>Iugum</span> <span class='ocrx_word' id='word_1_120' title='bbox 256 928 331 965; x_wconf 81' lang='lat' dir='ltr'>Domini</span> <span class='ocrx_word' id='word_1_121' title='bbox 344 928 383 965; x_wconf 84' lang='lat' dir='ltr'>Iesu</span> <span class='ocrx_word' id='word_1_122' title='bbox 398 940 450 964; x_wconf 87' lang='lat' dir='ltr'>suave</span> <span class='ocrx_word' id='word_1_123' title='bbox 464 939 490 965; x_wconf 91' lang='lat' dir='ltr'>est</span> <span class='ocrx_word' id='word_1_124' title='bbox 504 928 561 974; x_wconf 83' lang='lat' dir='ltr'>bonis,</span> <span class='ocrx_word' id='word_1_125' title='bbox 572 927 643 974; x_wconf 87' lang='lat' dir='ltr'>durum,</span> <span class='ocrx_word' id='word_1_126' title='bbox 653 938 670 964; x_wconf 94' lang='lat' dir='ltr'>et</span> <span class='ocrx_word' id='word_1_127' title='bbox 683 926 796 975; x_wconf 72' lang='lat' dir='ltr'>importabile</span> <span class='ocrx_word' id='word_1_128' title='bbox 809 941 836 964; x_wconf 87' lang='lat' dir='ltr'>re-</span> 
     </span>
     <span class='ocr_line' id='line_1_13' title="bbox 99 986 836 1036; baseline 0 -14"><span class='ocrx_word' id='word_1_129' title='bbox 99 986 165 1036; x_wconf 83' lang='lat' dir='ltr'>probis.</span> <span class='ocrx_word' id='word_1_130' title='bbox 179 986 214 1023; x_wconf 92' lang='lat' dir='ltr'>Via</span> <span class='ocrx_word' id='word_1_131' title='bbox 227 986 294 1024; x_wconf 80' lang='lat' dir='ltr'>Christi</span> <span class='ocrx_word' id='word_1_132' title='bbox 308 986 329 1023; x_wconf 86' lang='lat' dir='ltr'>ad</span> <span class='ocrx_word' id='word_1_133' title='bbox 342 987 396 1023; x_wconf 83' lang='lat' dir='ltr'>viram</span> <span class='ocrx_word' id='word_1_134' title='bbox 411 986 446 1022; x_wconf 88' lang='lat' dir='ltr'>lata</span> <span class='ocrx_word' id='word_1_135' title='bbox 459 997 495 1032; x_wconf 84' lang='lat' dir='ltr'>est,</span> <span class='ocrx_word' id='word_1_136' title='bbox 511 998 528 1023; x_wconf 90' lang='lat' dir='ltr'>et</span> <span class='ocrx_word' id='word_1_137' title='bbox 541 986 617 1023; x_wconf 88' lang='lat' dir='ltr'>iucunda</span> <span class='ocrx_word' id='word_1_138' title='bbox 632 987 733 1024; x_wconf 82' lang='lat' dir='ltr'>exercitatis</span> <span class='ocrx_word' id='word_1_139' title='bbox 747 988 765 1023; x_wconf 91' lang='lat' dir='ltr'>in</span> <span class='ocrx_word' id='word_1_140' title='bbox 779 987 836 1024; x_wconf 89' lang='lat' dir='ltr'>chari-</span> 
     </span>
     <span class='ocr_line' id='line_1_14' title="bbox 99 1045 836 1095; baseline -0.001 -13"><span class='ocrx_word' id='word_1_141' title='bbox 99 1054 135 1082; x_wconf 89' lang='lat' dir='ltr'>tate</span> <span class='ocrx_word' id='word_1_142' title='bbox 149 1045 258 1094; x_wconf 89' lang='lat' dir='ltr'>humilibus,</span> <span class='ocrx_word' id='word_1_143' title='bbox 273 1056 347 1095; x_wconf 81' lang='lat' dir='ltr'>angusta</span> <span class='ocrx_word' id='word_1_144' title='bbox 360 1059 412 1092; x_wconf 87' lang='lat' dir='ltr'>vero,</span> <span class='ocrx_word' id='word_1_145' title='bbox 426 1055 443 1082; x_wconf 91' lang='lat' dir='ltr'>et</span> <span class='ocrx_word' id='word_1_146' title='bbox 456 1059 515 1083; x_wconf 85' lang='lat' dir='ltr'>amara</span> <span class='ocrx_word' id='word_1_147' title='bbox 531 1045 617 1094; x_wconf 83' lang='lat' dir='ltr'>superbis.</span> <span class='ocrx_word' id='word_1_148' title='bbox 634 1045 684 1084; x_wconf 87' lang='lat' dir='ltr'>Nihil</span> <span class='ocrx_word' id='word_1_149' title='bbox 698 1056 725 1082; x_wconf 88' lang='lat' dir='ltr'>est</span> <span class='ocrx_word' id='word_1_150' title='bbox 738 1047 785 1083; x_wconf 87' lang='lat' dir='ltr'>eninr</span> <span class='ocrx_word' id='word_1_151' title='bbox 800 1057 836 1083; x_wconf 94' lang='lat' dir='ltr'>tam</span> 
     </span>
     <span class='ocr_line' id='line_1_15' title="bbox 100 1105 837 1157; baseline 0 -14"><span class='ocrx_word' id='word_1_152' title='bbox 100 1105 172 1151; x_wconf 85' lang='lat' dir='ltr'>durum,</span> <span class='ocrx_word' id='word_1_153' title='bbox 186 1105 231 1143; x_wconf 91' lang='lat' dir='ltr'>nihil</span> <span class='ocrx_word' id='word_1_154' title='bbox 245 1115 280 1142; x_wconf 90' lang='lat' dir='ltr'>tam</span> <span class='ocrx_word' id='word_1_155' title='bbox 294 1105 378 1153; x_wconf 78' lang='lat' dir='ltr'>terribile,</span> <span class='ocrx_word' id='word_1_156' title='bbox 387 1105 431 1143; x_wconf 88' lang='lat' dir='ltr'>nihil</span> <span class='ocrx_word' id='word_1_157' title='bbox 445 1116 480 1143; x_wconf 87' lang='lat' dir='ltr'>tarn</span> <span class='ocrx_word' id='word_1_158' title='bbox 495 1107 576 1153; x_wconf 84' lang='lat' dir='ltr'>arduum,</span> <span class='ocrx_word' id='word_1_159' title='bbox 586 1107 634 1155; x_wconf 94' lang='lat' dir='ltr'>quod</span> <span class='ocrx_word' id='word_1_160' title='bbox 648 1106 714 1157; x_wconf 79' lang='lat' dir='ltr'>amanti</span> <span class='ocrx_word' id='word_1_161' title='bbox 728 1107 786 1143; x_wconf 91' lang='lat' dir='ltr'>Deum</span> <span class='ocrx_word' id='word_1_162' title='bbox 801 1119 837 1144; x_wconf 93' lang='lat' dir='ltr'>non</span> 
     </span>
     <span class='ocr_line' id='line_1_16' title="bbox 100 1164 836 1216; baseline 0 -14"><span class='ocrx_word' id='word_1_163' title='bbox 100 1166 123 1202; x_wconf 91' lang='lat' dir='ltr'>sit</span> <span class='ocrx_word' id='word_1_164' title='bbox 136 1164 197 1211; x_wconf 82' lang='lat' dir='ltr'>facile,</span> <span class='ocrx_word' id='word_1_165' title='bbox 211 1174 228 1202; x_wconf 92' lang='lat' dir='ltr'>et</span> <span class='ocrx_word' id='word_1_166' title='bbox 244 1165 347 1202; x_wconf 90' lang='lat' dir='ltr'>iucundum.</span> <span class='ocrx_word' id='word_1_167' title='bbox 364 1167 431 1216; x_wconf 70' lang='lat' dir='ltr'>Rursus</span> <span class='ocrx_word' id='word_1_168' title='bbox 448 1165 492 1203; x_wconf 93' lang='lat' dir='ltr'>nihil</span> <span class='ocrx_word' id='word_1_169' title='bbox 510 1176 536 1203; x_wconf 90' lang='lat' dir='ltr'>est</span> <span class='ocrx_word' id='word_1_170' title='bbox 554 1175 590 1202; x_wconf 93' lang='lat' dir='ltr'>tam</span> <span class='ocrx_word' id='word_1_171' title='bbox 603 1165 649 1210; x_wconf 86' lang='lat' dir='ltr'>lene,</span> <span class='ocrx_word' id='word_1_172' title='bbox 663 1165 708 1202; x_wconf 90' lang='lat' dir='ltr'>nihil</span> <span class='ocrx_word' id='word_1_173' title='bbox 725 1175 761 1202; x_wconf 90' lang='lat' dir='ltr'>tam</span> <span class='ocrx_word' id='word_1_174' title='bbox 775 1164 836 1211; x_wconf 88' lang='lat' dir='ltr'>facile,</span> 
     </span>
     <span class='ocr_line' id='line_1_17' title="bbox 99 1220 835 1274; baseline 0 -13"><span class='ocrx_word' id='word_1_175' title='bbox 99 1224 144 1261; x_wconf 92' lang='lat' dir='ltr'>nihil</span> <span class='ocrx_word' id='word_1_176' title='bbox 157 1235 193 1261; x_wconf 89' lang='lat' dir='ltr'>tam</span> <span class='ocrx_word' id='word_1_177' title='bbox 207 1237 292 1273; x_wconf 87' lang='lat' dir='ltr'>paruum,</span> <span class='ocrx_word' id='word_1_178' title='bbox 306 1225 355 1274; x_wconf 84' lang='lat' dir='ltr'>quod</span> <span class='ocrx_word' id='word_1_179' title='bbox 369 1220 425 1262; x_wconf 84' lang='lat' dir='ltr'>malae</span> <span class='ocrx_word' id='word_1_180' title='bbox 438 1226 526 1262; x_wconf 77' lang='lat' dir='ltr'>uoluntati</span> <span class='ocrx_word' id='word_1_181' title='bbox 539 1238 576 1262; x_wconf 91' lang='lat' dir='ltr'>non</span> <span class='ocrx_word' id='word_1_182' title='bbox 589 1226 611 1262; x_wconf 90' lang='lat' dir='ltr'>sit</span> <span class='ocrx_word' id='word_1_183' title='bbox 625 1238 685 1273; x_wconf 83' lang='lat' dir='ltr'>grave,</span> <span class='ocrx_word' id='word_1_184' title='bbox 699 1234 716 1261; x_wconf 91' lang='lat' dir='ltr'>et</span> <span class='ocrx_word' id='word_1_185' title='bbox 730 1238 835 1262; x_wconf 89' lang='lat' dir='ltr'>onerosum.</span> 
     </span>
     <span class='ocr_line' id='line_1_18' title="bbox 100 1284 835 1335; baseline 0.003 -14"><span class='ocrx_word' id='word_1_186' title='bbox 100 1284 169 1322; x_wconf 81' lang='lat' dir='ltr'>idcirco</span> <span class='ocrx_word' id='word_1_187' title='bbox 182 1284 226 1321; x_wconf 79' lang='lat' dir='ltr'>dixit</span> <span class='ocrx_word' id='word_1_188' title='bbox 239 1285 339 1322; x_wconf 88' lang='lat' dir='ltr'>Dominus:</span> <span class='ocrx_word' id='word_1_189' title='bbox 354 1286 421 1322; x_wconf 85' lang='lat' dir='ltr'>Discite</span> <span class='ocrx_word' id='word_1_190' title='bbox 431 1298 440 1321; x_wconf 85' lang='lat' dir='ltr'>a</span> <span class='ocrx_word' id='word_1_191' title='bbox 450 1299 484 1330; x_wconf 85' lang='lat' dir='ltr'>me,</span> <span class='ocrx_word' id='word_1_192' title='bbox 494 1287 535 1335; x_wconf 93' lang='lat' dir='ltr'>quia</span> <span class='ocrx_word' id='word_1_193' title='bbox 544 1286 593 1323; x_wconf 89' lang='lat' dir='ltr'>mitis</span> <span class='ocrx_word' id='word_1_194' title='bbox 607 1299 652 1330; x_wconf 86' lang='lat' dir='ltr'>sum,</span> <span class='ocrx_word' id='word_1_195' title='bbox 663 1296 679 1323; x_wconf 94' lang='lat' dir='ltr'>et</span> <span class='ocrx_word' id='word_1_196' title='bbox 689 1285 762 1322; x_wconf 88' lang='lat' dir='ltr'>lrunrilis</span> <span class='ocrx_word' id='word_1_197' title='bbox 777 1287 835 1324; x_wconf 80' lang='lat' dir='ltr'>corde</span> 
     </span>
     <span class='ocr_line' id='line_1_19' title="bbox 99 1344 837 1394; baseline 0 -12"><span class='ocrx_word' id='word_1_198' title='bbox 99 1345 117 1382; x_wconf 88' lang='lat' dir='ltr'>Si</span> <span class='ocrx_word' id='word_1_199' title='bbox 130 1344 184 1381; x_wconf 87' lang='lat' dir='ltr'>vultis</span> <span class='ocrx_word' id='word_1_200' title='bbox 199 1355 270 1394; x_wconf 85' lang='lat' dir='ltr'>portate</span> <span class='ocrx_word' id='word_1_201' title='bbox 287 1345 349 1394; x_wconf 83' lang='lat' dir='ltr'>iugum</span> <span class='ocrx_word' id='word_1_202' title='bbox 368 1358 429 1382; x_wconf 89' lang='lat' dir='ltr'>rrreurrr</span> <span class='ocrx_word' id='word_1_203' title='bbox 445 1359 553 1394; x_wconf 83' lang='lat' dir='ltr'>supervos,</span> <span class='ocrx_word' id='word_1_204' title='bbox 567 1347 625 1394; x_wconf 91' lang='lat' dir='ltr'>primo</span> <span class='ocrx_word' id='word_1_205' title='bbox 640 1346 805 1392; x_wconf 89' lang='lat' dir='ltr'>mansuetudinem,</span> <span class='ocrx_word' id='word_1_206' title='bbox 821 1355 837 1382; x_wconf 90' lang='lat' dir='ltr'>et</span> 
     </span>
     <span class='ocr_line' id='line_1_20' title="bbox 100 1401 836 1452; baseline 0 -13"><span class='ocrx_word' id='word_1_207' title='bbox 100 1402 219 1439; x_wconf 72' lang='lat' dir='ltr'>humilitatem</span> <span class='ocrx_word' id='word_1_208' title='bbox 234 1401 292 1440; x_wconf 89' lang='lat' dir='ltr'>cordis</span> <span class='ocrx_word' id='word_1_209' title='bbox 302 1403 338 1440; x_wconf 91' lang='lat' dir='ltr'>mei</span> <span class='ocrx_word' id='word_1_210' title='bbox 347 1402 409 1440; x_wconf 86' lang='lat' dir='ltr'>discite</span> <span class='ocrx_word' id='word_1_211' title='bbox 414 1418 418 1449; x_wconf 77' lang='lat'><em>3</em></span> <span class='ocrx_word' id='word_1_212' title='bbox 433 1405 517 1452; x_wconf 88' lang='lat' dir='ltr'>quoniam</span> <span class='ocrx_word' id='word_1_213' title='bbox 531 1404 564 1440; x_wconf 89' lang='lat' dir='ltr'>uisi</span> <span class='ocrx_word' id='word_1_214' title='bbox 576 1404 634 1450; x_wconf 88' lang='lat' dir='ltr'>mites,</span> <span class='ocrx_word' id='word_1_215' title='bbox 644 1413 661 1441; x_wconf 90' lang='lat' dir='ltr'>et</span> <span class='ocrx_word' id='word_1_216' title='bbox 670 1403 747 1441; x_wconf 83' lang='lat' dir='ltr'>humiles</span> <span class='ocrx_word' id='word_1_217' title='bbox 761 1403 836 1447; x_wconf 88' lang='lat' dir='ltr'>fueritis,</span> 
     </span>
     <span class='ocr_line' id='line_1_21' title="bbox 100 1462 836 1513; baseline 0.001 -15"><span class='ocrx_word' id='word_1_218' title='bbox 100 1462 186 1499; x_wconf 87' lang='lat' dir='ltr'>sarcinam</span> <span class='ocrx_word' id='word_1_219' title='bbox 197 1475 255 1499; x_wconf 82' lang='lat' dir='ltr'>meam</span> <span class='ocrx_word' id='word_1_220' title='bbox 265 1463 315 1511; x_wconf 83' lang='lat' dir='ltr'>quasi</span> <span class='ocrx_word' id='word_1_221' title='bbox 324 1475 378 1511; x_wconf 80' lang='lat' dir='ltr'>grave</span> <span class='ocrx_word' id='word_1_222' title='bbox 388 1462 464 1511; x_wconf 78' lang='lat' dir='ltr'>pondus,</span> <span class='ocrx_word' id='word_1_223' title='bbox 474 1474 490 1500; x_wconf 86' lang='lat' dir='ltr'>et</span> <span class='ocrx_word' id='word_1_224' title='bbox 499 1462 612 1512; x_wconf 82' lang='lat' dir='ltr'>importabile</span> <span class='ocrx_word' id='word_1_225' title='bbox 622 1477 667 1500; x_wconf 93' lang='lat' dir='ltr'>orrus</span> <span class='ocrx_word' id='word_1_226' title='bbox 676 1473 747 1513; x_wconf 86' lang='lat' dir='ltr'>portare</span> <span class='ocrx_word' id='word_1_227' title='bbox 761 1464 836 1511; x_wconf 88' lang='lat' dir='ltr'>minime</span> 
     </span>
     <span class='ocr_line' id='line_1_22' title="bbox 100 1520 835 1571; baseline 0.001 -14"><span class='ocrx_word' id='word_1_228' title='bbox 100 1520 197 1559; x_wconf 60' lang='lat' dir='ltr'>sufficietis⁴</span> <span class='ocrx_word' id='word_1_229' title='bbox 211 1521 289 1558; x_wconf 90' lang='lat' dir='ltr'>Humilis</span> <span class='ocrx_word' id='word_1_230' title='bbox 303 1535 343 1558; x_wconf 91' lang='lat' dir='ltr'>sum</span> <span class='ocrx_word' id='word_1_231' title='bbox 357 1523 395 1569; x_wconf 79' lang='lat' dir='ltr'>uia,</span> <span class='ocrx_word' id='word_1_232' title='bbox 408 1521 498 1570; x_wconf 88' lang='lat' dir='ltr'>superbos-</span> <span class='ocrx_word' id='word_1_233' title='bbox 511 1535 547 1560; x_wconf 92' lang='lat' dir='ltr'>non</span> <span class='ocrx_word' id='word_1_234' title='bbox 561 1523 619 1571; x_wconf 86' lang='lat' dir='ltr'>capio:</span> <span class='ocrx_word' id='word_1_235' title='bbox 634 1533 708 1571; x_wconf 83' lang='lat' dir='ltr'>angusta</span> <span class='ocrx_word' id='word_1_236' title='bbox 725 1535 765 1559; x_wconf 94' lang='lat' dir='ltr'>sum</span> <span class='ocrx_word' id='word_1_237' title='bbox 779 1532 835 1570; x_wconf 85' lang='lat' dir='ltr'>porta¹</span> 
     </span>
     <span class='ocr_line' id='line_1_23' title="bbox 100 1581 835 1632; baseline 0 -14"><span class='ocrx_word' id='word_1_238' title='bbox 100 1582 179 1620; x_wconf 88' lang='lat' dir='ltr'>tumidos</span> <span class='ocrx_word' id='word_1_239' title='bbox 189 1595 224 1620; x_wconf 91' lang='lat' dir='ltr'>non</span> <span class='ocrx_word' id='word_1_240' title='bbox 234 1581 315 1619; x_wconf 82' lang='lat' dir='ltr'>admitto.</span> <span class='ocrx_word' id='word_1_241' title='bbox 325 1583 364 1619; x_wconf 85' lang='lat' dir='ltr'>Nisi</span> <span class='ocrx_word' id='word_1_242' title='bbox 374 1583 440 1628; x_wconf 92' lang='lat' dir='ltr'>omnia,</span> <span class='ocrx_word' id='word_1_243' title='bbox 450 1596 495 1632; x_wconf 90' lang='lat' dir='ltr'>quae</span> <span class='ocrx_word' id='word_1_244' title='bbox 506 1583 594 1620; x_wconf 88' lang='lat' dir='ltr'>mundana</span> <span class='ocrx_word' id='word_1_245' title='bbox 604 1592 645 1619; x_wconf 90' lang='lat' dir='ltr'>sunt</span> <span class='ocrx_word' id='word_1_246' title='bbox 654 1583 714 1619; x_wconf 89' lang='lat' dir='ltr'>arrirrro</span> <span class='ocrx_word' id='word_1_247' title='bbox 724 1583 835 1630; x_wconf 76' lang='lat' dir='ltr'>spreveritis,</span> 
     </span>
     <span class='ocr_line' id='line_1_24' title="bbox 99 1640 836 1691; baseline 0.003 -15"><span class='ocrx_word' id='word_1_248' title='bbox 99 1641 132 1677; x_wconf 93' lang='lat' dir='ltr'>nisi</span> <span class='ocrx_word' id='word_1_249' title='bbox 147 1642 203 1678; x_wconf 83' lang='lat' dir='ltr'>carnis</span> <span class='ocrx_word' id='word_1_250' title='bbox 214 1640 334 1690; x_wconf 84' lang='lat' dir='ltr'>uoluptatibus</span> <span class='ocrx_word' id='word_1_251' title='bbox 344 1643 380 1678; x_wconf 81' lang='lat' dir='ltr'>vim</span> <span class='ocrx_word' id='word_1_252' title='bbox 389 1643 506 1678; x_wconf 84' lang='lat' dir='ltr'>necessariam</span> <span class='ocrx_word' id='word_1_253' title='bbox 518 1641 620 1688; x_wconf 80' lang='lat' dir='ltr'>intuleritis,</span> <span class='ocrx_word' id='word_1_254' title='bbox 633 1641 683 1691; x_wconf 86' lang='lat' dir='ltr'>quasi</span> <span class='ocrx_word' id='word_1_255' title='bbox 697 1651 781 1678; x_wconf 90' lang='lat' dir='ltr'>onustum</span> <span class='ocrx_word' id='word_1_256' title='bbox 796 1654 836 1689; x_wconf 86' lang='lat' dir='ltr'>pec-</span> 
     </span>
    </p>

    <p class='ocr_par' dir='ltr' id='par_1_7' title="bbox 50 1700 839 2696">
     <span class='ocr_line' id='line_1_25' title="bbox 101 1700 836 1750; baseline 0.003 -14"><span class='ocrx_word' id='word_1_257' title='bbox 101 1701 143 1737; x_wconf 87' lang='lat' dir='ltr'>catis</span> <span class='ocrx_word' id='word_1_258' title='bbox 156 1700 228 1747; x_wconf 89' lang='lat' dir='ltr'>animal,</span> <span class='ocrx_word' id='word_1_259' title='bbox 238 1713 268 1749; x_wconf 86' lang='lat' dir='ltr'>per</span> <span class='ocrx_word' id='word_1_260' title='bbox 278 1714 307 1737; x_wconf 88' lang='lat' dir='ltr'>nre</span> <span class='ocrx_word' id='word_1_261' title='bbox 316 1700 337 1737; x_wconf 89' lang='lat' dir='ltr'>ad</span> <span class='ocrx_word' id='word_1_262' title='bbox 346 1714 420 1750; x_wconf 82' lang='lat' dir='ltr'>regnum</span> <span class='ocrx_word' id='word_1_263' title='bbox 433 1702 498 1738; x_wconf 84' lang='lat' dir='ltr'>intrare</span> <span class='ocrx_word' id='word_1_264' title='bbox 511 1715 547 1739; x_wconf 93' lang='lat' dir='ltr'>non</span> <span class='ocrx_word' id='word_1_265' title='bbox 561 1701 640 1749; x_wconf 85' lang='lat' dir='ltr'>potestis.</span> <span class='ocrx_word' id='word_1_266' title='bbox 655 1702 689 1738; x_wconf 87' lang='lat' dir='ltr'>Via</span> <span class='ocrx_word' id='word_1_267' title='bbox 702 1714 741 1737; x_wconf 90' lang='lat' dir='ltr'>sum</span> <span class='ocrx_word' id='word_1_268' title='bbox 756 1700 836 1738; x_wconf 85' lang='lat' dir='ltr'>humilis:</span> 
     </span>
     <span class='ocr_line' id='line_1_26' title="bbox 62 1750 836 1809; baseline 0.001 -13"><span class='ocrx_word' id='word_1_269' title='bbox 62 1750 64 1755; x_wconf 49' lang='grc'><strong>’</strong></span> <span class='ocrx_word' id='word_1_270' title='bbox 100 1769 117 1797; x_wconf 85' lang='lat' dir='ltr'>et</span> <span class='ocrx_word' id='word_1_271' title='bbox 130 1760 194 1806; x_wconf 88' lang='lat' dir='ltr'>mites,</span> <span class='ocrx_word' id='word_1_272' title='bbox 212 1759 324 1808; x_wconf 86' lang='lat' dir='ltr'>humilesque</span> <span class='ocrx_word' id='word_1_273' title='bbox 342 1760 416 1808; x_wconf 81' lang='lat' dir='ltr'>recipio.</span> <span class='ocrx_word' id='word_1_274' title='bbox 435 1761 487 1797; x_wconf 84' lang='lat' dir='ltr'>Ianua</span> <span class='ocrx_word' id='word_1_275' title='bbox 505 1773 544 1797; x_wconf 88' lang='lat' dir='ltr'>sum</span> <span class='ocrx_word' id='word_1_276' title='bbox 561 1771 607 1797; x_wconf 87' lang='lat' dir='ltr'>arcta</span> <span class='ocrx_word' id='word_1_277' title='bbox 613 1775 618 1807; x_wconf 90' lang='lat'>;</span> <span class='ocrx_word' id='word_1_278' title='bbox 632 1772 718 1809; x_wconf 87' lang='lat' dir='ltr'>pauperes</span> <span class='ocrx_word' id='word_1_279' title='bbox 732 1760 805 1808; x_wconf 87' lang='lat' dir='ltr'>spiritu,</span> <span class='ocrx_word' id='word_1_280' title='bbox 820 1771 836 1797; x_wconf 90' lang='lat' dir='ltr'>et</span> 
     </span>
     <span class='ocr_line' id='line_1_27' title="bbox 100 1818 836 1867; baseline 0 -12"><span class='ocrx_word' id='word_1_281' title='bbox 100 1818 153 1856; x_wconf 87' lang='lat' dir='ltr'>corde</span> <span class='ocrx_word' id='word_1_282' title='bbox 166 1818 244 1856; x_wconf 86' lang='lat' dir='ltr'>mundos</span> <span class='ocrx_word' id='word_1_283' title='bbox 257 1819 364 1856; x_wconf 84' lang='lat' dir='ltr'>intromitto</span> <span class='ocrx_word' id='word_1_284' title='bbox 380 1819 408 1856; x_wconf 87' lang='lat' dir='ltr'>Ad</span> <span class='ocrx_word' id='word_1_285' title='bbox 421 1819 475 1856; x_wconf 85' lang='lat' dir='ltr'>viram</span> <span class='ocrx_word' id='word_1_286' title='bbox 490 1831 586 1865; x_wconf 77' lang='lat' dir='ltr'>aeternam,</span> <span class='ocrx_word' id='word_1_287' title='bbox 600 1819 670 1865; x_wconf 83' lang='lat' dir='ltr'>iratres,</span> <span class='ocrx_word' id='word_1_288' title='bbox 685 1832 716 1867; x_wconf 91' lang='lat' dir='ltr'>per</span> <span class='ocrx_word' id='word_1_289' title='bbox 729 1820 777 1856; x_wconf 87' lang='lat' dir='ltr'>viam</span> <span class='ocrx_word' id='word_1_290' title='bbox 790 1820 836 1857; x_wconf 87' lang='lat' dir='ltr'>veri-</span> 
     </span>
     <span class='ocr_line' id='line_1_28' title="bbox 50 1878 836 1928; baseline 0 -13"><span class='ocrx_word' id='word_1_291' title='bbox 50 1882 51 1885; x_wconf 75' lang='grc'>’</span> <span class='ocrx_word' id='word_1_292' title='bbox 99 1878 141 1915; x_wconf 86' lang='lat' dir='ltr'>tatis</span> <span class='ocrx_word' id='word_1_293' title='bbox 155 1888 248 1927; x_wconf 79' lang='lat' dir='ltr'>angustam</span> <span class='ocrx_word' id='word_1_294' title='bbox 258 1878 360 1925; x_wconf 76' lang='lat' dir='ltr'>tendimns3</span> <span class='ocrx_word' id='word_1_295' title='bbox 375 1887 452 1927; x_wconf 90' lang='lat' dir='ltr'>oportet,</span> <span class='ocrx_word' id='word_1_296' title='bbox 462 1890 480 1915; x_wconf 87' lang='lat' dir='ltr'>ut</span> <span class='ocrx_word' id='word_1_297' title='bbox 490 1879 540 1916; x_wconf 93' lang='lat' dir='ltr'>nobis</span> <span class='ocrx_word' id='word_1_298' title='bbox 550 1879 615 1923; x_wconf 84' lang='lat' dir='ltr'>onmia,</span> <span class='ocrx_word' id='word_1_299' title='bbox 626 1892 670 1928; x_wconf 86' lang='lat' dir='ltr'>quae</span> <span class='ocrx_word' id='word_1_300' title='bbox 680 1878 701 1915; x_wconf 83' lang='lat' dir='ltr'>ad</span> <span class='ocrx_word' id='word_1_301' title='bbox 715 1889 751 1915; x_wconf 87' lang='lat' dir='ltr'>tam</span> <span class='ocrx_word' id='word_1_302' title='bbox 761 1878 836 1916; x_wconf 88' lang='lat' dir='ltr'>ardrrrrrrr</span> 
     </span>
     <span class='ocr_line' id='line_1_29' title="bbox 100 1938 836 1986; baseline 0.001 -13"><span class='ocrx_word' id='word_1_303' title='bbox 100 1938 132 1974; x_wconf 91' lang='lat' dir='ltr'>iter</span> <span class='ocrx_word' id='word_1_304' title='bbox 149 1946 191 1974; x_wconf 89' lang='lat' dir='ltr'>sunt</span> <span class='ocrx_word' id='word_1_305' title='bbox 208 1938 316 1983; x_wconf 82' lang='lat' dir='ltr'>necessaria,</span> <span class='ocrx_word' id='word_1_306' title='bbox 331 1938 443 1986; x_wconf 92' lang='lat' dir='ltr'>intempore</span> <span class='ocrx_word' id='word_1_307' title='bbox 460 1951 583 1986; x_wconf 87' lang='lat' dir='ltr'>procuremus.</span> <span class='ocrx_word' id='word_1_308' title='bbox 602 1938 647 1975; x_wconf 87' lang='lat' dir='ltr'>Sunt</span> <span class='ocrx_word' id='word_1_309' title='bbox 664 1949 724 1975; x_wconf 86' lang='lat' dir='ltr'>autem</span> <span class='ocrx_word' id='word_1_310' title='bbox 737 1939 836 1976; x_wconf 83' lang='lat' dir='ltr'>viatoribus</span> 
     </span>
     <span class='ocr_line' id='line_1_30' title="bbox 100 1996 836 2046; baseline 0.003 -14"><span class='ocrx_word' id='word_1_311' title='bbox 100 2006 177 2045; x_wconf 84' lang='lat' dir='ltr'>quatuor</span> <span class='ocrx_word' id='word_1_312' title='bbox 190 1997 207 2033; x_wconf 90' lang='lat' dir='ltr'>irr</span> <span class='ocrx_word' id='word_1_313' title='bbox 221 1996 283 2046; x_wconf 83' lang='lat' dir='ltr'>primis</span> <span class='ocrx_word' id='word_1_314' title='bbox 301 1998 409 2040; x_wconf 89' lang='lat' dir='ltr'>necessaria,</span> <span class='ocrx_word' id='word_1_315' title='bbox 423 1997 461 2033; x_wconf 91' lang='lat' dir='ltr'>sine</span> <span class='ocrx_word' id='word_1_316' title='bbox 476 1997 539 2046; x_wconf 90' lang='lat' dir='ltr'>quibus</span> <span class='ocrx_word' id='word_1_317' title='bbox 554 1997 673 2046; x_wconf 88' lang='lat' dir='ltr'>periculosum</span> <span class='ocrx_word' id='word_1_318' title='bbox 688 2006 715 2033; x_wconf 89' lang='lat' dir='ltr'>est</span> <span class='ocrx_word' id='word_1_319' title='bbox 728 1997 770 2045; x_wconf 88' lang='lat' dir='ltr'>iter,</span> <span class='ocrx_word' id='word_1_320' title='bbox 785 2007 802 2034; x_wconf 86' lang='lat' dir='ltr'>et</span> <span class='ocrx_word' id='word_1_321' title='bbox 814 1996 836 2034; x_wconf 88' lang='lat' dir='ltr'>ad</span> 
     </span>
     <span class='ocr_line' id='line_1_31' title="bbox 100 2055 836 2106; baseline 0.001 -13"><span class='ocrx_word' id='word_1_322' title='bbox 100 2068 169 2105; x_wconf 88' lang='lat' dir='ltr'>scopon</span> <span class='ocrx_word' id='word_1_323' title='bbox 182 2068 222 2093; x_wconf 89' lang='lat' dir='ltr'>raro</span> <span class='ocrx_word' id='word_1_324' title='bbox 236 2057 344 2105; x_wconf 89' lang='lat' dir='ltr'>pervenitur.</span> <span class='ocrx_word' id='word_1_325' title='bbox 360 2057 448 2102; x_wconf 87' lang='lat' dir='ltr'>Primum,</span> <span class='ocrx_word' id='word_1_326' title='bbox 464 2056 512 2106; x_wconf 92' lang='lat' dir='ltr'>quod</span> <span class='ocrx_word' id='word_1_327' title='bbox 524 2055 621 2093; x_wconf 89' lang='lat' dir='ltr'>viatoribus</span> <span class='ocrx_word' id='word_1_328' title='bbox 635 2057 709 2094; x_wconf 84' lang='lat' dir='ltr'>dicimus</span> <span class='ocrx_word' id='word_1_329' title='bbox 723 2070 762 2093; x_wconf 92' lang='lat' dir='ltr'>esse</span> <span class='ocrx_word' id='word_1_330' title='bbox 776 2069 836 2094; x_wconf 81' lang='lat' dir='ltr'>neces·</span> 
     </span>
     <span class='ocr_line' id='line_1_32' title="bbox 101 2114 836 2165; baseline 0.001 -14"><span class='ocrx_word' id='word_1_331' title='bbox 101 2115 173 2160; x_wconf 83' lang='lat' dir='ltr'>sarium,</span> <span class='ocrx_word' id='word_1_332' title='bbox 187 2114 308 2163; x_wconf 82' lang='lat' dir='ltr'>cognitionem</span> <span class='ocrx_word' id='word_1_333' title='bbox 322 2128 360 2152; x_wconf 88' lang='lat' dir='ltr'>esse</span> <span class='ocrx_word' id='word_1_334' title='bbox 375 2115 463 2152; x_wconf 88' lang='lat' dir='ltr'>credimus</span> <span class='ocrx_word' id='word_1_335' title='bbox 476 2117 553 2153; x_wconf 84' lang='lat' dir='ltr'>viarum.</span> <span class='ocrx_word' id='word_1_336' title='bbox 571 2115 624 2161; x_wconf 85' lang='lat' dir='ltr'>Nam,</span> <span class='ocrx_word' id='word_1_337' title='bbox 638 2117 667 2165; x_wconf 92' lang='lat' dir='ltr'>qui</span> <span class='ocrx_word' id='word_1_338' title='bbox 681 2116 719 2151; x_wconf 88' lang='lat' dir='ltr'>sine</span> <span class='ocrx_word' id='word_1_339' title='bbox 734 2116 836 2164; x_wconf 86' lang='lat' dir='ltr'>cognitione</span> 
     </span>
     <span class='ocr_line' id='line_1_33' title="bbox 100 2174 835 2225; baseline -0.003 -13"><span class='ocrx_word' id='word_1_340' title='bbox 100 2174 169 2212; x_wconf 81' lang='lat' dir='ltr'>viarum</span> <span class='ocrx_word' id='word_1_341' title='bbox 179 2175 252 2223; x_wconf 81' lang='lat' dir='ltr'>praeuia</span> <span class='ocrx_word' id='word_1_342' title='bbox 260 2174 323 2222; x_wconf 88' lang='lat' dir='ltr'>procul</span> <span class='ocrx_word' id='word_1_343' title='bbox 333 2174 424 2212; x_wconf 88' lang='lat' dir='ltr'>ambulare</span> <span class='ocrx_word' id='word_1_344' title='bbox 437 2176 505 2219; x_wconf 88' lang='lat' dir='ltr'>nititur,</span> <span class='ocrx_word' id='word_1_345' title='bbox 516 2174 619 2225; x_wconf 88' lang='lat' dir='ltr'>periculosis</span> <span class='ocrx_word' id='word_1_346' title='bbox 629 2174 735 2224; x_wconf 88' lang='lat' dir='ltr'>quandoque</span> <span class='ocrx_word' id='word_1_347' title='bbox 745 2174 835 2212; x_wconf 90' lang='lat' dir='ltr'>erroribus</span> 
     </span>
     <span class='ocr_line' id='line_1_34' title="bbox 99 2232 837 2283; baseline 0 -13"><span class='ocrx_word' id='word_1_348' title='bbox 99 2232 207 2281; x_wconf 86' lang='lat' dir='ltr'>implicatur.</span> <span class='ocrx_word' id='word_1_349' title='bbox 221 2235 258 2270; x_wconf 83' lang='lat' dir='ltr'>Aut</span> <span class='ocrx_word' id='word_1_350' title='bbox 267 2246 310 2283; x_wconf 82' lang='lat' dir='ltr'>ergo</span> <span class='ocrx_word' id='word_1_351' title='bbox 318 2235 364 2270; x_wconf 89' lang='lat' dir='ltr'>viam</span> <span class='ocrx_word' id='word_1_352' title='bbox 375 2233 424 2282; x_wconf 89' lang='lat' dir='ltr'>prius</span> <span class='ocrx_word' id='word_1_353' title='bbox 438 2233 493 2270; x_wconf 86' lang='lat' dir='ltr'>discat</span> <span class='ocrx_word' id='word_1_354' title='bbox 506 2233 583 2283; x_wconf 84' lang='lat' dir='ltr'>prudens</span> <span class='ocrx_word' id='word_1_355' title='bbox 596 2234 660 2278; x_wconf 76' lang='lat' dir='ltr'>viator,</span> <span class='ocrx_word' id='word_1_356' title='bbox 670 2244 699 2271; x_wconf 83' lang='lat' dir='ltr'>aut</span> <span class='ocrx_word' id='word_1_357' title='bbox 712 2234 789 2282; x_wconf 86' lang='lat' dir='ltr'>peritum</span> <span class='ocrx_word' id='word_1_358' title='bbox 803 2234 837 2271; x_wconf 91' lang='lat' dir='ltr'>sibi</span> 
     </span>
     <span class='ocr_line' id='line_1_35' title="bbox 100 2292 836 2339; baseline -0.001 -9"><span class='ocrx_word' id='word_1_359' title='bbox 100 2302 179 2330; x_wconf 88' lang='lat' dir='ltr'>assumat</span> <span class='ocrx_word' id='word_1_360' title='bbox 192 2293 278 2329; x_wconf 85' lang='lat' dir='ltr'>comitem</span> <span class='ocrx_word' id='word_1_361' title='bbox 288 2293 363 2337; x_wconf 88' lang='lat' dir='ltr'>itineris,</span> <span class='ocrx_word' id='word_1_362' title='bbox 373 2306 395 2330; x_wconf 94' lang='lat' dir='ltr'>ne</span> <span class='ocrx_word' id='word_1_363' title='bbox 404 2292 433 2329; x_wconf 82' lang='lat' dir='ltr'>vel</span> <span class='ocrx_word' id='word_1_364' title='bbox 442 2293 460 2329; x_wconf 90' lang='lat' dir='ltr'>in</span> <span class='ocrx_word' id='word_1_365' title='bbox 469 2306 532 2330; x_wconf 84' lang='lat' dir='ltr'>manus</span> <span class='ocrx_word' id='word_1_366' title='bbox 545 2292 635 2330; x_wconf 89' lang='lat' dir='ltr'>latronum</span> <span class='ocrx_word' id='word_1_367' title='bbox 649 2292 721 2339; x_wconf 85' lang='lat' dir='ltr'>incidat,</span> <span class='ocrx_word' id='word_1_368' title='bbox 730 2293 759 2329; x_wconf 83' lang='lat' dir='ltr'>vel</span> <span class='ocrx_word' id='word_1_369' title='bbox 769 2307 778 2330; x_wconf 86' lang='lat' dir='ltr'>a</span> <span class='ocrx_word' id='word_1_370' title='bbox 787 2302 836 2330; x_wconf 88' lang='lat' dir='ltr'>recto</span> 
     </span>
     <span class='ocr_line' id='line_1_36' title="bbox 100 2351 836 2400; baseline 0 -12"><span class='ocrx_word' id='word_1_371' title='bbox 100 2352 168 2388; x_wconf 89' lang='lat' dir='ltr'>itineris</span> <span class='ocrx_word' id='word_1_372' title='bbox 181 2352 252 2389; x_wconf 85' lang='lat' dir='ltr'>tramite</span> <span class='ocrx_word' id='word_1_373' title='bbox 265 2351 341 2388; x_wconf 86' lang='lat' dir='ltr'>recedat.</span> <span class='ocrx_word' id='word_1_374' title='bbox 355 2351 384 2388; x_wconf 91' lang='lat' dir='ltr'>Ad</span> <span class='ocrx_word' id='word_1_375' title='bbox 397 2352 471 2399; x_wconf 84' lang='lat' dir='ltr'>patriam</span> <span class='ocrx_word' id='word_1_376' title='bbox 486 2352 540 2400; x_wconf 86' lang='lat' dir='ltr'>igitur</span> <span class='ocrx_word' id='word_1_377' title='bbox 554 2351 634 2388; x_wconf 87' lang='lat' dir='ltr'>coelestis</span> <span class='ocrx_word' id='word_1_378' title='bbox 648 2351 697 2400; x_wconf 84' lang='lat' dir='ltr'>regni</span> <span class='ocrx_word' id='word_1_379' title='bbox 712 2352 802 2400; x_wconf 87' lang='lat' dir='ltr'>cupientes</span> <span class='ocrx_word' id='word_1_380' title='bbox 811 2365 836 2389; x_wconf 89' lang='lat' dir='ltr'>re-</span> 
     </span>
     <span class='ocr_line' id='line_1_37' title="bbox 100 2410 836 2460; baseline -0.001 -13"><span class='ocrx_word' id='word_1_381' title='bbox 100 2410 138 2448; x_wconf 88' lang='lat' dir='ltr'>dire</span> <span class='ocrx_word' id='word_1_382' title='bbox 147 2424 178 2460; x_wconf 89' lang='lat' dir='ltr'>per</span> <span class='ocrx_word' id='word_1_383' title='bbox 191 2411 239 2447; x_wconf 87' lang='lat' dir='ltr'>viam</span> <span class='ocrx_word' id='word_1_384' title='bbox 252 2411 305 2447; x_wconf 89' lang='lat' dir='ltr'>nimis</span> <span class='ocrx_word' id='word_1_385' title='bbox 318 2421 419 2459; x_wconf 85' lang='lat' dir='ltr'>angustam,</span> <span class='ocrx_word' id='word_1_386' title='bbox 429 2420 446 2447; x_wconf 93' lang='lat' dir='ltr'>et</span> <span class='ocrx_word' id='word_1_387' title='bbox 454 2411 515 2459; x_wconf 92' lang='lat' dir='ltr'>paucis</span> <span class='ocrx_word' id='word_1_388' title='bbox 529 2411 624 2459; x_wconf 83' lang='lat' dir='ltr'>cognitam,</span> <span class='ocrx_word' id='word_1_389' title='bbox 638 2412 703 2460; x_wconf 86' lang='lat' dir='ltr'>ipsum,</span> <span class='ocrx_word' id='word_1_390' title='bbox 718 2423 790 2447; x_wconf 86' lang='lat' dir='ltr'>necesse</span> <span class='ocrx_word' id='word_1_391' title='bbox 804 2420 836 2455; x_wconf 88' lang='lat' dir='ltr'>est,</span> 
     </span>
     <span class='ocr_line' id='line_1_38' title="bbox 100 2469 837 2519; baseline 0 -13"><span class='ocrx_word' id='word_1_392' title='bbox 100 2470 169 2507; x_wconf 85' lang='lat' dir='ltr'>itineris</span> <span class='ocrx_word' id='word_1_393' title='bbox 183 2469 279 2507; x_wconf 83' lang='lat' dir='ltr'>habeamus</span> <span class='ocrx_word' id='word_1_394' title='bbox 293 2469 367 2516; x_wconf 87' lang='lat' dir='ltr'>ducem,</span> <span class='ocrx_word' id='word_1_395' title='bbox 382 2478 399 2507; x_wconf 89' lang='lat' dir='ltr'>et</span> <span class='ocrx_word' id='word_1_396' title='bbox 413 2471 509 2516; x_wconf 84' lang='lat' dir='ltr'>comitem,</span> <span class='ocrx_word' id='word_1_397' title='bbox 523 2470 583 2507; x_wconf 91' lang='lat' dir='ltr'>Iesum</span> <span class='ocrx_word' id='word_1_398' title='bbox 597 2470 698 2513; x_wconf 82' lang='lat' dir='ltr'>Christum,</span> <span class='ocrx_word' id='word_1_399' title='bbox 713 2470 742 2519; x_wconf 95' lang='lat' dir='ltr'>qui</span> <span class='ocrx_word' id='word_1_400' title='bbox 756 2472 837 2508; x_wconf 81' lang='lat' dir='ltr'>seviant</span> 
     </span>
     <span class='ocr_line' id='line_1_39' title="bbox 100 2528 838 2579; baseline 0.001 -14"><span class='ocrx_word' id='word_1_401' title='bbox 100 2528 205 2573; x_wconf 84' lang='lat' dir='ltr'>nominauit,</span> <span class='ocrx_word' id='word_1_402' title='bbox 220 2538 237 2565; x_wconf 90' lang='lat' dir='ltr'>et</span> <span class='ocrx_word' id='word_1_403' title='bbox 249 2528 349 2566; x_wconf 79' lang='lat' dir='ltr'>veritatem.</span> <span class='ocrx_word' id='word_1_404' title='bbox 365 2529 418 2565; x_wconf 82' lang='lat' dir='ltr'>Extra</span> <span class='ocrx_word' id='word_1_405' title='bbox 432 2528 523 2566; x_wconf 85' lang='lat' dir='ltr'>Christum</span> <span class='ocrx_word' id='word_1_406' title='bbox 536 2542 573 2566; x_wconf 94' lang='lat' dir='ltr'>non</span> <span class='ocrx_word' id='word_1_407' title='bbox 586 2539 612 2566; x_wconf 87' lang='lat' dir='ltr'>est</span> <span class='ocrx_word' id='word_1_408' title='bbox 625 2542 666 2566; x_wconf 82' lang='lat' dir='ltr'>uera</span> <span class='ocrx_word' id='word_1_409' title='bbox 680 2529 763 2567; x_wconf 84' lang='lat' dir='ltr'>scientia:</span> <span class='ocrx_word' id='word_1_410' title='bbox 778 2530 838 2579; x_wconf 87' lang='lat' dir='ltr'>etqui</span> 
     </span>
     <span class='ocr_line' id='line_1_40' title="bbox 101 2587 837 2638; baseline 0.001 -13"><span class='ocrx_word' id='word_1_411' title='bbox 101 2587 195 2626; x_wconf 88' lang='lat' dir='ltr'>Christum</span> <span class='ocrx_word' id='word_1_412' title='bbox 205 2588 232 2624; x_wconf 91' lang='lat' dir='ltr'>sui</span> <span class='ocrx_word' id='word_1_413' title='bbox 243 2587 328 2625; x_wconf 88' lang='lat' dir='ltr'>comitem</span> <span class='ocrx_word' id='word_1_414' title='bbox 339 2588 407 2625; x_wconf 88' lang='lat' dir='ltr'>itineris</span> <span class='ocrx_word' id='word_1_415' title='bbox 419 2587 484 2625; x_wconf 87' lang='lat' dir='ltr'>habere</span> <span class='ocrx_word' id='word_1_416' title='bbox 498 2588 580 2638; x_wconf 82' lang='lat' dir='ltr'>negligit,</span> <span class='ocrx_word' id='word_1_417' title='bbox 594 2589 611 2626; x_wconf 87' lang='lat' dir='ltr'>itr</span> <span class='ocrx_word' id='word_1_418' title='bbox 625 2602 691 2626; x_wconf 87' lang='lat' dir='ltr'>vanum</span> <span class='ocrx_word' id='word_1_419' title='bbox 701 2599 717 2626; x_wconf 94' lang='lat' dir='ltr'>et</span> <span class='ocrx_word' id='word_1_420' title='bbox 727 2590 765 2627; x_wconf 84' lang='lat' dir='ltr'>sine</span> <span class='ocrx_word' id='word_1_421' title='bbox 779 2589 837 2627; x_wconf 81' lang='lat' dir='ltr'>fructu</span> 
     </span>
     <span class='ocr_line' id='line_1_41' title="bbox 102 2646 839 2696; baseline 0.001 -12"><span class='ocrx_word' id='word_1_422' title='bbox 102 2647 162 2685; x_wconf 88' lang='lat' dir='ltr'>currit.</span> <span class='ocrx_word' id='word_1_423' title='bbox 177 2647 271 2685; x_wconf 87' lang='lat' dir='ltr'>Discanrus</span> <span class='ocrx_word' id='word_1_424' title='bbox 285 2658 328 2696; x_wconf 82' lang='lat' dir='ltr'>crgo</span> <span class='ocrx_word' id='word_1_425' title='bbox 337 2647 385 2684; x_wconf 82' lang='lat' dir='ltr'>viam</span> <span class='ocrx_word' id='word_1_426' title='bbox 394 2647 445 2690; x_wconf 78' lang='lat' dir='ltr'>vitae,</span> <span class='ocrx_word' id='word_1_427' title='bbox 455 2648 554 2685; x_wconf 87' lang='lat' dir='ltr'>charissimi</span> <span class='ocrx_word' id='word_1_428' title='bbox 568 2646 636 2693; x_wconf 83' lang='lat' dir='ltr'>fratres,</span> <span class='ocrx_word' id='word_1_429' title='bbox 647 2649 684 2686; x_wconf 89' lang='lat' dir='ltr'>sine</span> <span class='ocrx_word' id='word_1_430' title='bbox 699 2649 749 2686; x_wconf 89' lang='lat' dir='ltr'>cuius</span> <span class='ocrx_word' id='word_1_431' title='bbox 765 2649 839 2687; x_wconf 78' lang='lat' dir='ltr'>scIentia</span> 
     </span>
    </p>
   </div>
   <div class='ocr_carea' id='block_1_6' title="bbox 874 2124 973 2150">
    <p class='ocr_par' dir='ltr' id='par_1_8' title="bbox 874 2124 973 2150">
     <span class='ocr_line' id='line_1_42' title="bbox 874 2124 973 2150; baseline -0.01 0"><span class='ocrx_word' id='word_1_432' title='bbox 874 2124 907 2150; x_wconf 82' lang='lat' dir='ltr'>Viae</span> <span class='ocrx_word' id='word_1_433' title='bbox 920 2124 944 2150; x_wconf 86' lang='lat' dir='ltr'>du·</span> <span class='ocrx_word' id='word_1_434' title='bbox 971 2136 973 2139; x_wconf 61' lang='lat'>&gt;</span> 
     </span>
    </p>
   </div>
   <div class='ocr_carea' id='block_1_7' title="bbox 856 2160 945 2255">
    <p class='ocr_par' dir='ltr' id='par_1_9' title="bbox 856 2160 945 2255">
     <span class='ocr_line' id='line_1_43' title="bbox 857 2160 945 2185; baseline 0.011 -1"><span class='ocrx_word' id='word_1_435' title='bbox 857 2160 891 2185; x_wconf 83' lang='lat' dir='ltr'>tenti</span> <span class='ocrx_word' id='word_1_436' title='bbox 896 2160 911 2185; x_wconf 82' lang='lat' dir='ltr'>ari</span> <span class='ocrx_word' id='word_1_437' title='bbox 915 2167 945 2185; x_wconf 81' lang='lat' dir='ltr'>coe·</span> 
     </span>
     <span class='ocr_line' id='line_1_44' title="bbox 857 2193 945 2228; baseline 0.011 -9"><span class='ocrx_word' id='word_1_438' title='bbox 857 2193 884 2219; x_wconf 89' lang='lat' dir='ltr'>lum</span> <span class='ocrx_word' id='word_1_439' title='bbox 890 2201 945 2228; x_wconf 84' lang='lat' dir='ltr'>quatuor</span> 
     </span>
     <span class='ocr_line' id='line_1_45' title="bbox 856 2236 934 2255; baseline 0.013 -1"><span class='ocrx_word' id='word_1_440' title='bbox 856 2236 934 2255; x_wconf 80' lang='lat' dir='ltr'>accessura.</span> 
     </span>
    </p>
   </div>
   <div class='ocr_carea' id='block_1_8' title="bbox 0 0 990 3023">
    <p class='ocr_par' dir='ltr' id='par_1_10' title="bbox 0 0 990 3023">
     <span class='ocr_line' id='line_1_46' title="bbox 0 0 990 3023; baseline 0 0"><span class='ocrx_word' id='word_1_441' title='bbox 0 0 990 3023; x_wconf 95' lang='lat' dir='ltr'> </span> 
     </span>
    </p>
   </div>
  </div>
 </body>
</html>
