1968 3023
393 126 474 164 Humilia
484 126 531 163 VIII.
572 133 573 137 ’
809 139 828 173 51

49 219 51 224 '
95 220 113 247 et
130 211 218 260 cogitatio
234 208 354 258 patrocinium
370 206 452 256 precibus
469 207 534 245 ferunt.
547 207 594 244 Nam
611 208 648 244 sine
666 209 733 245 iustitia
751 208 830 244 veritatis

95 271 153 307 omnis
167 270 201 306 etit
214 268 323 307 infructuosa
337 268 404 314 oratio;
418 268 504 316 quoniam
517 267 589 314 scimus,
599 267 646 317 quod
656 268 705 305 Deus
715 280 751 305 noi]
761 268 832 305 exaudit

94 341 205 378 peccatores,
220 339 237 366 et
250 329 291 378 quia
304 327 357 376 longe
370 340 379 363 1
393 324 516 376 peccatoribus
530 325 585 373 salus,
599 326 668 364 dicente
682 328 781 376 scriptura:
796 327 832 371 Qui

95 391 158 427 auertit
172 402 223 426 aures
237 402 282 430 suas,
296 402 318 425 ne
331 387 389 425 audiat
403 386 467 436 legem,
478 387 535 424 oratio
545 387 583 423 eius
593 386 625 423 erit
635 386 744 424 execrabilis.
759 387 832 424 Sanctus

95 450 179 498 quoque?
193 449 211 486 in
224 447 293 497 psalmo
307 447 392 496 propheta
406 446 458 484 dicit:
472 447 587 495 iniquitatem
600 447 615 483 si
625 446 684 495 aspexi
694 447 712 483 in
723 446 776 485 corde
786 460 833 493 mco,

94 521 130 545 non
144 507 226 545 exaudiet
239 520 268 544 me
277 508 371 544 Dominus.
385 506 434 543 Sicut
447 507 495 542 enim
509 507 527 543 111
541 505 614 543 vulnere
627 505 697 542 nullum
711 505 782 554 proficit
795 519 832 543 me-

95 568 222 610 dicamentum,
232 567 266 603 nisi
279 567 327 616 prius
341 566 441 604 extrahatur
455 556 567 603 ferrumtita
576 564 620 602 nihil
629 565 700 613 proficit
710 565 757 602 illius
767 566 832 611 oratio,

95 627 145 664 cuius
159 626 216 664 adlmc
225 625 281 663 dolus
295 626 312 662 iu
325 635 390 670 ruente,
406 625 435 663 vel
449 626 511 663 odiunt
525 635 584 663 manet
602 627 619 663 in
636 635 716 674 pectore.
735 625 759 662 Ut
773 636 833 663 autem

97 687 145 735 Deus
159 686 260 724 orationem
273 685 355 723 exaudiat
367 694 423 732 tuam,
437 686 454 723 in
469 685 531 733 primis
544 694 621 734 oportet,
628 694 648 722 ut
657 686 768 723 couscientia
781 698 833 722 mun-

96 747 149 785 detur
162 745 183 784 ab
197 747 247 784 omni
260 745 329 783 macula
344 746 413 794 peccati
430 744 521 791 mortalis,
537 755 554 782 et
571 758 631 782 verum
650 758 701 782 inens
719 746 831 795 propositum

98 805 159 843 subeat
172 804 309 843 emendationis.
322 805 400 842 Multum
414 817 466 841 orare
479 804 539 848 simul,
553 813 569 841 et
583 805 600 842 in
614 804 674 841 multis
684 804 781 851 offendere,
790 805 832 854 quid

95 875 121 902 est
135 863 183 901 aliud
197 876 251 913 quam
264 864 321 900 Deum
337 862 422 900 irridere?
435 862 511 899 Duobus
526 865 591 900 etenim
609 862 667 900 modis
686 865 744 902 oratio
762 865 833 901 interci-

95 925 149 974 pitur,
167 937 189 961 ne
206 923 307 961 aDomino
324 922 436 961 exaudiatur:
455 923 518 969 altero,
536 936 576 960 cum
593 932 653 961 orator
670 923 729 961 adhuc
742 924 832 973 peccando

98 984 195 1022 committit
208 981 284 1020 malum:
298 980 353 1018 altero
367 993 420 1027 vero,
434 982 448 1017 si
462 980 538 1019 debitori
551 994 584 1019 suo
598 990 670 1030 propter
683 982 743 1019 Deum
757 996 794 1025 non
807 982 832 1019 di-

95 1044 151 1081 mittit
164 1041 251 1080 debitum.
265 1040 294 1077 Tu
308 1053 357 1089 ergo,
371 1041 400 1090 qui
416 1039 481 1077 habere
495 1039 573 1077 fructum
587 1041 689 1078 orationum
702 1051 774 1079 tuarum
788 1042 833 1079 desi-

96 1102 154 1146 deras;
168 1101 199 1150 qui
212 1100 272 1136 venire
285 1098 306 1136 ad
319 1099 352 1136 Dei
366 1099 500 1136 miserationem
515 1112 555 1135 cum
569 1099 700 1147 poenitentibus
714 1109 772 1149 optas,
786 1113 832 1144 cave,

95 1160 173 1210 nequid
187 1160 230 1196 mali
250 1170 310 1196 contra
328 1159 361 1195 Dei
379 1158 491 1207 voluntatem
509 1171 589 1207 peragas,
607 1168 624 1196 et
640 1172 681 1196 cura
699 1159 799 1209 diligenter,
814 1169 833 1196 ut

96 1221 157 1258 otnnia
171 1219 189 1256 111
202 1230 219 1256 te
234 1217 330 1255 commissa
343 1217 446 1255 hominibus
457 1230 478 1254 ex
487 1218 540 1255 corde
549 1219 635 1255 veraciter
644 1218 729 1257 dimittas.
739 1219 776 1256 Scis
787 1220 833 1256 enim

96 1280 161 1318 dixisse
176 1279 283 1315 Dominum:
297 1277 395 1322 Dimittite‚
410 1286 427 1314 et
441 1277 562 1313 dimittemini.
579 1277 642 1314 Postea
655 1290 699 1315 vero
715 1291 768 1328 quam
782 1291 833 1315 111111-

96 1339 165 1377 daueris
179 1337 306 1374 conscientiam
316 1345 365 1373 tuam
375 1335 448 1381 amalo,
459 1346 476 1373 er
485 1337 574 1373 remiseris
584 1349 637 1374 ornne
646 1336 731 1374 delictum
741 1339 832 1386 proximu,

96 1400 132 1436 iam
146 1398 181 1435 eris
195 1397 217 1434 acl
231 1396 318 1433 orandum
331 1397 413 1444 idoneus,
428 1396 443 1432 si
457 1396 511 1433 fueris
525 1396 595 1434 fervore
612 1399 667 1435 sancti
685 1398 774 1447 propositi
787 1407 833 1435 tecte

96 1457 117 1495 ad
130 1458 190 1494 Deum
204 1456 302 1493 ordinatus.
315 1455 353 1493 lam
366 1468 413 1492 nunc
427 1454 490 1492 accede
503 1455 611 1493 confidenter
621 1455 641 1492 ad
651 1457 761 1505 precandum
770 1458 834 1494 Domi-

95 1530 148 1563 num3
163 1526 257 1566 prosterne
270 1525 287 1552 te
301 1514 392 1552 humiliter
406 1516 423 1551 in
439 1524 537 1563 conspectu
556 1516 602 1562 eius;
620 1525 637 1551 et
655 1528 686 1553 ora
704 1529 745 1553 cum
758 1517 833 1564 puritate

96 1576 161 1622 cordis,
174 1584 192 1612 et
205 1575 275 1612 feruore
288 1574 366 1622 spiritus,
380 1586 413 1611 nec
430 1573 501 1610 delicias
519 1573 539 1610 ab
557 1575 647 1618 oratione,
666 1575 803 1624 quandiuuiuis
817 1576 834 1611 in

97 1648 154 1673 carne.
169 1634 196 1671 Sit
210 1634 267 1671 oratio
280 1643 310 1670 tua
323 1646 371 1681 pura,
385 1632 469 1682 simplex,
483 1632 566 1679 dilucida,
585 1644 602 1671 et
620 1634 724 1681 nranifesta3
742 1635 764 1671 sir
782 1635 833 1683 plena

96 1694 193 1744 gravitatis»,
208 1703 226 1730 et
240 1692 329 1741 ponderis,
343 1703 360 1729 et
373 1691 438 1730 decore
449 1701 511 1729 ornata
520 1705 572 1729 verae
581 1692 693 1731 humilitatis.
702 1694 745 1732 Non
754 1694 833 1742 postules

96 1754 191 1804 quicquam
205 1753 223 1789 111
237 1753 318 1789 oratione
331 1751 383 1788 saluti
392 1752 462 1788 animae
472 1752 591 1790 contrarium:
601 1766 658 1802 neque
667 1765 700 1801 pro
710 1765 729 1789 re
739 1753 834 1802 temporali

95 1813 148 1850 nimis
166 1813 270 1861 importune
286 1811 363 1860 preceris
369 1825 374 1857 3
393 1811 478 1859 quoniam
494 1810 611 1860 impudentia*
623 1822 654 1856 est,
672 1820 691 1848 ut
709 1823 758 1860 petas
772 1826 781 1849 a
794 1814 833 1849 Deo

96 1872 173 1917 divitias,
187 1883 232 1920 quae
245 1871 340 1907 maximam
355 1871 468 1907 occasionem
482 1880 573 1918 praestant
586 1870 683 1920 superbiae,
693 1880 710 1908 et
719 1871 834 1909 christianam

96 1931 192 1980 puritatem
205 1929 307 1978 frequentet
320 1928 457 1966 commaculant.
467 1929 509 1965 Nou
518 1939 545 1965 est
554 1930 669 1978 impudentia,
680 1930 695 1966 si
705 1941 754 1979 petas
769 1944 832 1979 panem

96 1990 232 2041 quotidianum:
246 1988 330 2037 quoniam
344 1987 390 2024 aliud
405 1997 431 2024 est
445 1988 538 2025 materiam
552 1989 647 2036 postulare,
667 1989 714 2027 unde
730 1989 822 2038 superbias
827 2005 831 2036 3

96 2059 114 2088 et
127 2047 175 2086 aliud
189 2059 215 2086 est
228 2057 288 2097 petere
301 2046 405 2084 alimentum
418 2048 544 2092 necessarium,
555 2047 600 2085 tande
609 2048 663 2085 vivas,
671 2049 713 2086 Nou
722 2052 739 2086 te
748 2050 833 2086 iustifices

96 2122 154 2154 orans,
169 2122 192 2146 ne
205 2109 251 2145 sicut
263 2108 367 2145 Pharisaeus
381 2120 432 2145 exeas
447 2107 585 2146 condemnatus:
600 2121 633 2146 nec
645 2100 726 2158 postules
739 2110 833 2159 quicquam

96 2183 106 2207 a
119 2169 204 2212 Domino,
215 2168 264 2217 quasi
278 2178 349 2205 tuorum
359 2181 380 2204 ex
389 2166 449 2205 debito
458 2167 574 2213 meritorum3
585 2168 615 2205 sed
625 2168 700 2205 humilia
713 2179 731 2205 te
744 2170 762 2205 in
776 2170 833 2206 011111-

95 2227 133 2272 bus,
147 2237 167 2264 ut
180 2228 257 2277 gratiam
270 2227 348 2275 recipere
362 2226 452 2263 merearis.
466 2227 559 2263 Memento
575 2226 681 2264 humilitatis
698 2227 798 2277 publicani,
817 2240 833 2265 et

97 2300 136 2324 cum
151 2295 200 2324 tanta
213 2285 313 2323 humilitate
327 2300 364 2331 ora,
378 2296 397 2323 ut
410 2286 481 2322 ueniam
495 2296 616 2333 peccatorum,
625 2296 642 2323 et
656 2287 710 2324 animi
724 2287 833 2325 iustificatio-

96 2360 137 2383 nem
152 2359 193 2382 cum
208 2346 238 2383 illo
252 2346 337 2384 invenias.
350 2344 428 2383 Uberior
442 2346 489 2383 enim
503 2356 530 2382 est
540 2346 573 2382 Dei
585 2346 647 2395 gratia,
658 2358 710 2396 quam
726 2343 783 2384 oratio
797 2360 837 2396 sup-

97 2405 191 2456 plicantis;
206 2416 223 2442 et
236 2405 276 2453 plus
290 2405 380 2443 orantibus
393 2404 445 2443 nobis
459 2404 526 2448 tribuit,
540 2418 593 2454 quam
606 2418 697 2453 rogamus.
711 2406 754 2443 Non
767 2407 785 2443 111
799 2406 832 2444 cla-

97 2477 148 2502 more
161 2465 211 2501 vocis
226 2463 284 2502 orabis
297 2464 379 2511 adeum,
392 2466 423 2514 qui
437 2465 487 2501 tinxit
500 2463 602 2502 abscondita
615 2464 682 2501 cordis:
692 2464 751 2502 sedin
764 2465 834 2503 feruore

94 2525 174 2574 spiritus,
185 2535 202 2562 et
215 2525 288 2563 intimae
298 2524 375 2562 clamore
385 2525 450 2562 metatis
460 2537 511 2561 aures
521 2524 570 2574 pulsa
580 2524 649 2562 divinae
659 2525 763 2563 ruaiestatis
772 2527 835 2575 Neque

95 2583 226 2633 longitudinem
241 2583 332 2632 protrahas
345 2583 442 2621 verborum
456 2594 496 2621 ante
510 2597 558 2630 eum,
571 2584 600 2633 qui
613 2594 639 2620 est
653 2585 734 2633 spiritus,
749 2587 835 2634 quianon

97 2643 114 2678 in
127 2641 249 2692 multiloquio,
263 2643 294 2680 sed
307 2643 324 2679 in
337 2656 381 2692 pura
394 2652 455 2681 mente
468 2643 535 2692 orantis
548 2642 645 2692 placabitur
658 2644 712 2682 Deus.
723 2645 833 2695 intempore

853 216 888 242 ioan.
898 224 910 250 9,

852 269 886 296 Psal.
896 270 925 296 118.

855 325 894 351 Prot.
903 325 923 351 28.

853 448 888 475 Psal.
897 447 917 482 65.

862 862 892 888 Duo
899 861 940 893 inape-

852 897 888 922 diuut
893 897 939 922 oratio·

852 932 871 957 nis
879 931 938 957 faricium.

878 1942 916 1973 Quid¹
927 1948 939 1967 rt

855 1985 885 2011 quo
890 1985 901 2001 111
906 1977 936 2002 odo

853 2011 935 2045 crepandum.
