1968 3023
33 15 116 136 ΟΜ,
133 31 188 99 beu
207 30 277 96 (aar
294 56 311 104 a
330 13 394 89 dal

225 256 300 307 raas
324 235 469 315 LIBER
490 236 782 318 PENTICHUS

269 405 390 450 DOMINI
413 405 548 452 toatvtvts
571 405 836 454 SPANHEIMENSIS

490 542 613 584 ABBATIS

209 818 236 849 De
242 819 291 849 ration
299 819 426 850 brentemaris
436 820 489 849 austri
495 820 593 850 sanctissimi
599 820 682 851 Benedicti·
687 821 783 858 capitalibus
791 823 891 853 Germaniae.

513 889 563 926 Coprrt
575 890 589 919 l,

216 1022 249 1060 fia
265 998 302 1036 UM
316 998 383 1036 ordinis
397 1000 454 1037 nostri
467 1000 563 1049 pristinum
573 1000 656 1038 decorem
667 1000 688 1037 ad
697 1011 775 1037 mentem
789 1002 915 1047 revocamus,

278 1070 331 1108 quam
349 1057 404 1095 modo
421 1057 509 1106 patimur,
526 1057 636 1095 deformitati
649 1058 764 1095 vehementer
780 1059 877 1105 condole0‚
892 1060 916 1096 ita

185 1106 260 1151 'dd
277 1125 297 1153 ut
310 1115 410 1164 lachrymas
424 1115 468 1151 mihi
488 1115 570 1151 emittere
590 1116 646 1164 magis
666 1115 728 1162 libeat,
742 1130 794 1165 quarn
811 1118 915 1167 penthicum

184 1175 262 1213 formare
279 1188 386 1213 sermonem.
405 1174 451 1218 Quis
468 1175 515 1211 enim
529 1175 600 1211 ruinam
613 1175 650 1211 eius
664 1187 701 1212 nou
714 1175 786 1222 defleat,
799 1178 814 1214 si
827 1187 916 1215 vetustam

184 1234 231 1272 illins
245 1235 322 1284 gloriam
335 1234 409 1282 penset?
423 1233 465 1271 Osi
477 1232 499 1270 ad
511 1234 618 1271 memoriam
632 1233 725 1286 aliquando
739 1248 849 1283 revocemus,
863 1237 915 1273 larius

183 1294 300 1331 sacratissimi
313 1293 380 1331 ordinis
394 1305 445 1329 aurea
457 1292 547 1341 quondam
561 1292 636 1339 saecula,
650 1293 719 1342 quando
733 1294 781 1331 velut
794 1295 870 1343 paradisi
883 1296 916 1332 flu-

182 1355 223 1390 vius
237 1353 349 1400 doctrinam
362 1353 455 1389 sanctitate
468 1361 525 1390 totam
538 1365 570 1401 per
583 1351 644 1389 orbem
658 1353 738 1402 irrigavit
751 1353 848 1401 ecclesiam
861 1368 915 1404 quam

74 1409 111 1470 15⁰¹}ss
121 1409 163 1470 ‘32²3
183 1413 228 1450 nihil
241 1414 264 1450 sit
277 1425 360 1461 praesens
374 1412 411 1448 eius
425 1421 486 1455 status,
496 1411 547 1449 facile
560 1411 715 1459 perpenderemus.
729 1412 846 1450 Obseruantia
854 1415 869 1451 si
878 1416 915 1464 qui·

74 1487 105 1520 rant
115 1488 161 1520 quaa
183 1473 223 1510 dem
237 1481 299 1510 nostra
311 1473 374 1522 (quam
387 1471 486 1520 regularem
499 1471 594 1519 vocamus)
608 1480 690 1508 veterum
702 1472 788 1508 institutis
802 1483 913 1521 comparata,

74 1520 162 1575 liiiiiaoiif
182 1533 273 1570 invenitur
286 1545 323 1568 non
338 1531 397 1569 solum
415 1532 481 1575 minor,
496 1530 527 1566 sed
544 1531 563 1567 in
580 1530 640 1567 multis
658 1543 729 1580 quoque
746 1532 846 1578 remissior;
864 1533 914 1577 Quo-

73 1583 161 1653 {bilbilis
181 1591 237 1630 modo
245 1590 365 1629 'obscuratum
379 1600 404 1627 est
418 1602 486 1634 aurum,
500 1590 607 1626 inunutatus
621 1598 647 1626 est
661 1589 710 1627 color
723 1591 814 1640 opriums?
827 1590 914 1639 Splendor

73 1653 115 1701 serus.
182 1650 279 1687 sanctitatis
293 1650 373 1695 eximiae,
385 1649 458 1685 rutilans
472 1648 522 1694 olim,
531 1658 644 1685 terrenorum
657 1649 752 1697 cupiditate
766 1649 867 1687 obfuscatus
882 1661 914 1689 est.

94 1695 156 1773 {1¹:222
167 1728 169 1733 ·
182 1710 240 1747 Cessit
253 1708 352 1746 honestatis
366 1720 429 1751 rrorma
441 1706 530 1758 illecebris
539 1706 658 1755 voluptatum.
672 1707 740 1745 idcirco
754 1708 852 1756 producant
865 1709 913 1747 oculi

126 1759 130 1766 ’
157 1758 161 1766 ’
181 1770 217 1806 mei
230 1768 331 1816 lachrymas
346 1780 377 1817 per
391 1767 444 1810 diem,
458 1775 474 1803 et
487 1775 566 1810 noctem,
581 1776 597 1803 et
610 1780 647 1803 non
660 1776 736 1812 taceant,
751 1768 836 1817 quonlam
850 1769 914 1806 contri-

181 1829 230 1866 tione
243 1841 307 1876 magua
322 1826 397 1863 contrita
406 1836 433 1862 est
441 1825 505 1874 religio
514 1825 578 1876 populi
586 1827 628 1870 mei,
638 1825 689 1875 plaga
702 1828 779 1875 pessima
793 1827 913 1865 vehementer.

149 1934 150 1937 Ἴ
181 1889 198 1925 Si
213 1900 294 1937 egressus
308 1885 358 1924 fuero
372 1885 393 1922 ad
406 1898 462 1935 agros,
477 1898 516 1922 ecce
531 1886 594 1931 ociosi,
605 1895 623 1922 et
631 1887 671 1923 vani
676 1901 681 1933 ;
694 1886 710 1922 si
722 1886 808 1924 introiero
819 1887 911 1932 coenobia,

180 1961 221 1985 ecce
234 1948 320 1984 attenuati
329 1945 449 1994 voluptatibus
456 1960 461 1991 ς
475 1945 544 1982 Multos
558 1946 607 1982 enlm
620 1944 731 1993 professores
743 1945 814 1995 regulae
823 1947 913 1985 Benedicti

51 2038 52 2041 ,
91 2011 141 2053 neap
179 2008 237 2044 Patris
250 2006 331 2043 invenio:
345 2017 410 2054 paucos
424 2005 445 2041 ad
459 2005 496 2042 eius
509 2005 624 2041 traditionem
641 2003 730 2041 ambulare
745 2018 808 2042 cerno:
824 2006 912 2056 Multipli-

72 2047 159 2108 aaff‘fiiiefis
181 2066 224 2102 casti
237 2065 270 2113 (ait
282 2063 370 2113 propbeta
382 2064 471 2111 Domino)
483 2073 567 2112 gentem,
581 2076 618 2099 non
631 2063 748 2111 magnificasti
761 2065 844 2101 laetitiam
852 2078 857 2110 ;
871 2066 913 2114 quia

71 2117 101 2143 ⁶¹³⁵
118 2117 159 2142 ‘lm'
180 2125 222 2162 dum
237 2133 297 2160 sancta
310 2123 439 2160 monachorum
453 2124 536 2160 exercitia
545 2124 563 2160 in
572 2123 634 2160 nrultis
648 2123 736 2169 deficiunt,
747 2137 806 2161 veram
819 2125 911 2169 laetitiam,

77 2160 93 2176 llll
118 2158 159 2176 XCICl·

71 2159 159 2218 lai‘aaa
180 2183 260 2234 quaede
274 2184 339 2220 virtute
356 2183 443 2227 nascitur,
457 2195 511 2231 prava
529 2183 582 2220 corda
599 2196 636 2220 non
652 2183 754 2220 admittunt.
767 2183 839 2221 Utinam
857 2187 911 2235 evigi-

71 2221 158 2290 ilcilllsqlle
179 2245 242 2288 lemus,
253 2242 280 2279 vel
294 2255 334 2279 sero
348 2243 419 2280 tandem
432 2252 472 2291 post
485 2251 513 2279 tot
524 2242 644 2290 perditionem
658 2244 763 2289 animarum,
772 2257 822 2292 quae,
831 2245 874 2293 iugo
883 2258 911 2282 re-

70 2290 113 2317 m*
178 2303 245 2353 gularis
259 2301 381 2339 observantiae
395 2312 504 2350 contempto,
516 2303 534 2338 in
547 2301 625 2344 abissum
634 2300 756 2339 'darnnuiouis'
770 2302 909 2342 descenderunt:

177 2362 253 2399 Utinam
266 2360 356 2397 Benedicti
374 2360 479 2408 legislatoris
495 2362 552 2397 nostri
566 2370 667 2396 metuamus
680 2361 797 2406 sententiam,
812 2363 842 2411 qui
857 2364 910 2400 toties

178 2422 200 2459 ad
213 2423 301 2459 rationem
311 2421 349 2457 Deo
359 2419 471 2463 reddendam,
482 2419 556 2456 Abbatis
570 2419 609 2456 duri
623 2420 663 2456 ferit
677 2420 768 2457 insaniam.
781 2422 809 2458 Ad
818 2434 850 2458 vos
863 2436 911 2460 arurae

178 2484 238 2532 igitar,
253 2495 263 2518 o
277 2480 425 2518 Reverendissirni
439 2480 504 2526 Patres,
518 2492 578 2516 sermo
592 2492 643 2516 meus
656 2478 757 2528 dirigendus
771 2490 802 2525 est,
817 2482 845 2530 qui
860 2495 910 2519 corn-

177 2542 256 2592 pellendi
265 2541 286 2578 ad
300 2540 410 2588 disciplinam
424 2539 505 2586 rebelles,
517 2549 624 2588 potestatem
637 2540 723 2588 accipitis:
734 2541 764 2588 qui
773 2542 839 2578 ordinis
853 2543 910 2579 nostri

177 2602 239 2639 Zelurn
257 2601 355 2638 secuudum
373 2600 464 2637 scientiam
482 2599 556 2637 habetis.
575 2600 613 2636 Vos
630 2600 688 2648 itaque
705 2598 797 2650 alloquor'3
815 2600 874 2647 vobis,
891 2612 910 2639 ut

179 2661 236 2699 ordini
250 2674 305 2710 prope
319 2659 384 2697 labenti
397 2662 504 2697 succurratis
518 2661 630 2708 persuadere⁴
639 2661 687 2697 iuxta
700 2661 746 2697 vires
760 2660 846 2708 conabor3
861 2662 913 2711 quod.
