1968 3023
75 1773 147 1799 Monachus

60 1809 147 1834 1101011οε-

60 1843 118 1869 resslrate
132 1851 146 1868 o·

59 1878 109 1909 berlint,
122 1877 146 1903 irn-

59 1921 119 1938 meusnm
132 1921 146 1938 m

59 1947 75 1973 de
90 1947 146 1973 fructum

59 1982 101 2008 resen.

71 2252 145 2278 Necessitas

58 2287 130 2322 multiplex.

172 139 207 173 226
387 137 413 174 Dr
426 150 483 175 raonem
496 139 592 176 ascensionis
603 139 687 188 gradibus.

170 225 244 265 gentes,
258 227 331 266 propter
349 219 386 256 eius
402 231 481 256 amorem
494 217 540 256 bona
558 232 612 269 opera
629 220 751 269 principaliter
764 221 841 269 fuciunt,
856 232 873 260 et
886 223 903 260 in

170 290 202 313 sua
215 277 314 315 intentione
328 291 360 315 nec
372 291 438 327 poenas
454 288 545 325 metuunt,
559 292 592 316 nec
606 280 684 328 praemia
703 281 800 331 requirunt.
820 282 903 319 Praelatis

171 337 207 373 suis
222 347 294 385 propter
308 350 388 375 amorem
405 338 439 374 Dei
456 338 547 375 lrtrttriliter
561 338 658 386 obediuut;
672 348 688 376 et
701 353 711 376 a
724 342 800 389 puritate
817 342 903 390 regularis

170 396 294 434 observantiae
303 398 321 434 in
334 397 384 435 nullo
397 398 466 446 penitus
480 398 570 435 recedunt.
585 398 610 434 Ex
623 398 651 435 his
664 408 706 435 sunt
719 400 806 447 nonnulli,
820 413 864 449 quos
877 402 903 438 in-

170 455 245 493 firmitas
259 458 316 493 carnis
330 458 435 506 quandoque
449 466 508 494 mente
522 457 562 494 facit
575 457 672 505 instabiles,
681 468 698 495 et
711 459 729 495 in
739 459 775 495 suis
789 459 902 508 opinionibus

170 525 231 553 contra
245 515 364 554 obedientiam
382 517 510 566 aliquantulum
523 518 627 565 pertinaces.
645 518 731 555 Exercitia
745 532 783 565 sua,
797 528 814 555 et
827 520 903 568 privatas

171 575 311 613 observantiolas
325 586 386 613 contra
399 576 565 614 determinationem
580 577 700 626 praelatorum
713 578 804 615 interdum
818 589 903 616 conantur

170 635 271 684 defendere,
285 648 302 674 et
315 650 333 673 se
347 638 470 686 prudentiores
484 639 502 675 in
514 639 646 676 examinatione
664 638 784 688 spiritualium
797 639 833 676 suis
847 650 902 677 recto-

170 695 218 732 ribus
234 697 334 734 aestintare.
347 697 388 735 Hoc
401 696 463 746 fugite,
476 710 487 734 0
501 696 592 743 monachi,
607 698 648 746 quia
661 697 775 736 daemonium
793 698 835 735 latet
847 699 865 736 in
879 699 903 736 in·

170 754 227 794 sidiis:
237 765 254 793 et
268 769 313 805 quos
327 766 387 804 aperta
400 757 527 806 congressione
540 769 576 793 non
590 767 649 805 potest
662 758 740 804 vincere,
754 758 823 795 occulta
837 758 902 795 0100111-

170 816 242 853 uatioue
255 816 317 852 nititur
330 829 418 864 superare.
433 817 506 861 Quanto
520 817 567 853 euim
581 816 679 854 inonachus
694 830 754 855 coram
768 819 806 854 Deo
820 818 902 865 sanctior,

170 886 187 912 et
196 874 291 924 perfectior
301 874 359 922 fuerit,
369 885 418 912 tanto
428 875 507 924 praelato
517 889 550 913 suo
560 876 598 913 sine
608 876 718 913 discussione
728 877 828 925 promptius
837 876 901 915 obedit.

170 934 253 979 Quodsi
267 935 365 972 monachus
379 934 467 984 perfectus
483 934 541 972 abbati
557 948 596 981 sno,
610 934 651 971 licet
665 934 769 984 imperfecto
783 936 800 972 iu
814 935 872 982 licitis,
886 945 902 973 et

169 994 250 1032 honestis
262 993 335 1031 obedire
349 995 481 1043 contempserit,
490 995 525 1031 iarn
536 1006 583 1031 certe
592 994 707 1043 perfectionis
716 993 824 1032 vocabulum
837 996 901 1033 amisit.

169 1054 195 1090 Ita
209 1066 252 1102 ergo
265 1054 387 1102 arrnrsquisque
399 1053 459 1090 studio
472 1053 576 1101 proficiendi
591 1063 640 1090 curet
653 1054 739 1098 insistere,
752 1066 771 1091 ut
785 1054 901 1092 obedientiam

170 1115 188 1150 in
197 1113 247 1151 110110
257 1123 358 1162 praesumat
367 1113 438 1151 violare.
452 1114 499 1150 Dicit
513 1115 560 1151 enim
574 1114 671 1162 scriptura:
687 1114 752 1151 Melior
761 1124 786 1152 est
796 1114 901 1159 obedientia,

171 1186 225 1222 quant
238 1174 322 1210 victimae
327 1188 331 1219 3
346 1180 362 1210 et
375 1173 473 1210 auscultare
486 1174 549 1222 tnagis,
562 1186 616 1222 quam
629 1173 724 1211 immolare
737 1173 806 1221 adipem
820 1175 901 1212 arietum.

169 1232 261 1281 Quicquid
275 1231 366 1279 obtuleris,
375 1232 452 1269 alienum
465 1241 503 1278 est;
517 1245 569 1269 verus
583 1242 642 1269 autem
656 1231 740 1269 obediens
754 1233 805 1270 offert
818 1234 901 1282 seipsum.

168 1291 232 1328 Sextus
246 1303 289 1339 ergo
299 1290 363 1339 gradus
377 1290 410 1327 illis
425 1290 501 1327 ttiaxitne
515 1291 605 1336 convenit,
616 1291 646 1340 qui
659 1291 677 1327 iu
686 1292 735 1328 omni
743 1292 819 1340 puritate
828 1293 900 1339 mentis,

169 1359 186 1387 et
196 1350 277 1399 corporis
286 1350 366 1386 viventes
375 1350 474 1386 Dominum
487 1350 608 1397 superomnia
618 1349 704 1399 diligunt3
718 1351 748 1399 qui
761 1349 827 1387 bonnm
841 1364 901 1398 otniae,

168 1408 217 1458 quod
231 1418 310 1457 possunt,
325 1421 357 1457 pro
371 1409 404 1445 Dei
417 1408 472 1445 solius
485 1408 554 1446 honore
567 1408 645 1455 faciunt;
660 1418 682 1455 et,
696 1410 726 1457 qui
736 1409 840 1447 aumndatis
853 1423 901 1458 prae-

168 1468 247 1504 latorum
267 1481 303 1504 non
323 1467 414 1505 recedunt.
434 1462 499 1520 Magna
512 1478 538 1504 est
550 1469 606 1505 virtus
624 1467 746 1514 obedientiae;
761 1481 804 1517 qnae
820 1479 900 1506 sanctum

168 1540 214 1576 opus
227 1526 295 1564 bonum
309 1526 392 1575 duplicat,
402 1536 418 1563 et
432 1527 515 1579 meritum
529 1540 595 1576 augens
609 1528 696 1575 operanti,
710 1529 759 1577 quasi
772 1527 853 1565 arborem
862 1530 901 1566 Deo

168 1599 209 1622 cum
223 1586 281 1623 fructu
296 1595 409 1634 representat.
422 1586 463 1623 Non
473 1598 504 1622 vos
514 1596 632 1634 permoveant
644 1585 697 1623 verba
710 1586 803 1623 1100110001
818 1586 900 1625 obedien-

167 1646 211 1682 tiam
226 1646 388 1690 contetnnentium,
403 1659 413 1682 o
426 1645 489 1681 fratres
503 1646 538 1682 mei
556 1645 666 1691 charissimi3
681 1647 711 1695 qui
725 1645 824 1683 libertatem
838 1647 899 1684 voluu-

167 1706 208 1742 tatis
221 1704 328 1742 subiectioni
344 1704 472 1742 monachorum
490 1704 602 1752 praeferunt,
615 1714 632 1742 et
646 1717 690 1753 opus
704 1704 772 1742 bortum
786 1719 807 1742 en
820 1705 898 1743 libertate

167 1763 244 1807 factum,
258 1762 368 1800 obedientiae
382 1764 450 1800 meritis
464 1772 580 1811 anteponunt.
593 1763 650 1808 Nam,
664 1772 682 1799 et
695 1764 710 1800 si
723 1764 822 1801 monachus
836 1778 856 1802 en
870 1779 900 1802 ne·

167 1824 250 1860 cessitate
268 1822 385 1872 professionis
401 1836 442 1859 suae
456 1821 536 1869 obediat,
549 1822 595 1860 bona
608 1833 670 1859 tamen
683 1823 775 1867 voluntas,
790 1837 854 1873 quase
868 1837 900 1872 pro

166 1883 200 1919 Dei
214 1894 276 1918 amore
296 1880 380 1931 obligavit
393 1881 414 1917 ad
427 1880 555 1925 obedientiam,
569 1881 614 1918 hauc
634 1883 759 1919 necessitatem
778 1883 899 1931 multipliciter

167 1940 286 1980 commendat.
300 1941 331 1977 Est
340 1951 399 1978 autem
408 1942 509 1986 necessitas,
520 1955 553 1991 qua
562 1941 619 1979 homo
628 1941 649 1979 ad
663 1941 762 1979 facientium
772 1942 838 1991 aliquid
852 1956 900 1980 conr-

166 2001 245 2052 pellitur‚
258 2000 288 2037 ubi
301 2001 384 2038 voluutas
397 2014 433 2038 non
447 2002 547 2047 consensit,
562 2001 593 2038 sed
607 2014 678 2049 semper
692 2001 794 2039 reluctatur.
808 2002 856 2039 Haec
870 2015 899 2038 ne-

167 2062 240 2098 cessitas
253 2059 324 2097 laudem
333 2060 403 2097 virtutis
415 2061 485 2106 1010011,
495 2061 535 2110 quia
544 2059 612 2097 boumn
622 2073 667 2109 opus
681 2073 771 2108 nunquam
781 2061 799 2097 in
809 2060 900 2097 voluntate

166 2121 206 2158 fuit.
220 2120 251 2156 Est
265 2128 282 2155 et
295 2119 328 2156 alia
342 2120 436 2156 necessitas
449 2133 471 2155 ex
485 2120 598 2156 inclinatione
611 2119 677 2156 anemis
692 2119 772 2156 interiori
785 2120 898 2168 proveniens,

166 2194 210 2229 quae
219 2178 291 2216 laudem
300 2177 343 2215 boni
352 2179 409 2227 operis
423 2189 482 2228 auget,
491 2192 527 2216 nou
540 2179 610 2222 mitntit,
621 2188 715 2227 propterea
728 2178 776 2228 qnod
789 2179 899 2216 voluntatem

165 2240 183 2276 in
193 2240 253 2288 ipsum
267 2251 312 2286 opus
322 2238 408 2274 intensius
422 2238 506 2275 accendit.
520 2238 551 2274 Est
560 2238 657 2285 necessitas
670 2238 728 2284 tertia,
738 2250 782 2286 quae
795 2237 849 2274 finem
863 2251 899 2275 res-

165 2299 215 2348 picit,
230 2309 247 2335 et
260 2297 372 2334 voluntatem
387 2310 423 2334 non
437 2297 532 2346 compellit.
548 2297 594 2334 Nam
611 2297 626 2332 si
639 2296 717 2333 volneris
736 2297 810 2334 transire
827 2288 899 2347 navigio

165 2357 253 2402 Rhenum,
261 2355 356 2393 necessitas
367 2357 472 2393 conveniens
480 2355 558 2404 postulat
566 2356 713 2392 instrumentum.
723 2356 823 2393 Necessitas
833 2365 898 2402 autem,
915 2365 917 2368 '

164 2429 199 2465 qna
213 2416 311 2453 mortuellus
325 2414 396 2452 obedire
409 2428 441 2451 sno
455 2416 522 2463 pastori
536 2414 655 2464 cotnpellitut,
665 2428 702 2452 non
716 2424 743 2451 est
756 2415 854 2452 coactionis
863 2415 898 2464 pri-

165 2489 210 2522 mae,
224 2488 281 2524 neque
295 2474 414 2512 inclinationis
428 2474 521 2521 secundae,
532 2474 563 2510 sed
576 2475 638 2511 tertiae
650 2474 716 2522 potius,
726 2475 810 2523 quoniam
820 2487 840 2511 ex
849 2487 898 2522 prae-

165 2534 238 2571 cedente
252 2533 345 2571 voluntate
358 2533 379 2570 ad
392 2533 445 2570 finem
459 2533 556 2570 ordinatur.
573 2533 699 2570 Necessarium
713 2546 756 2582 ergo
770 2543 796 2570 est
809 2533 897 2571 monacho

164 2603 237 2641 propter
256 2592 320 2637 finem,
335 2591 388 2638 illud,
402 2592 449 2641 qnod
465 2591 516 2629 abbas
534 2591 630 2640 praecipit,
645 2591 714 2637 facere,
731 2600 750 2628 01
763 2600 835 2634 votum,
849 2592 897 2641 quod

165 2653 231 2698 emisit,
246 2664 279 2701 pro
292 2652 327 2688 Dei
340 2664 401 2689 amore
414 2652 470 2689 valeat
484 2652 563 2701 implere.
578 2652 624 2689 Cum
635 2663 677 2700 ergo
687 2650 726 2689 finis
736 2652 768 2689 iste
782 2653 805 2689 sit
818 2650 895 2689 multum
