1968 3023
153 149 187 175 220
261 173 262 176 ,
363 138 389 175 Dr
402 137 490 186 cognitione
503 137 567 185 gratior
580 137 676 186 spiritualis.

153 218 215 253 meos?
234 216 307 260 Quanto
323 230 341 253 se
360 218 435 266 quisque
453 215 529 266 amplius
542 216 560 252 in
574 229 614 253 vera
632 217 708 264 puritate
722 221 839 259 cortscieutiae
855 234 888 272 pro

153 289 214 314 aratore
234 276 299 313 Christi
320 276 452 320 humiliaverit,
470 284 520 312 tanto
540 275 561 312 ad
579 275 702 324 recipiendum
721 279 797 326 gratiam
816 282 888 330 spiritus

153 336 209 372 saneti
222 336 279 383 tnagis
296 336 372 373 idoneus
386 337 424 372 erit.
445 335 523 379 Quoties
537 346 580 371 uero
593 347 644 370 mens
658 335 675 371 iu
689 336 788 384 superbiam
806 341 888 388 erigitur,
919 341 920 347 ’

152 395 217 431 merito
232 394 334 432 devotionis
348 396 427 445 spiritus,
439 395 489 443 quasi
503 393 523 430 ab
537 392 631 430 immundo
645 394 718 432 vasculo
731 395 816 435 aufertur.
829 399 888 437 Nemo

153 454 213 503 igitur,
230 453 293 491 fratres
307 455 350 500 mei,
364 454 385 491 de
397 454 452 503 gratia
466 453 539 501 spiritus
552 453 619 498 sancti,
634 466 687 501 quam
700 456 773 504 aceepit,
787 457 887 506 superbiat3

152 526 205 550 uento
223 526 241 550 se
259 513 335 550 inaniter
355 514 435 560 extollat,
453 512 546 561 quoniam,
563 512 596 548 nisi
614 511 701 549 fuerimus
718 514 800 563 humiles,
816 517 886 554 misera-

152 574 223 610 tionum
236 573 310 610 Domini
324 586 437 622 nequaquam
451 572 603 621 poterimusesse
617 572 717 621 participes.
735 574 791 622 Nam,
805 586 824 612 ut
838 589 888 613 sacer

152 632 210 681 inquit
223 631 356 680 Christophilus
369 631 445 678 Paulus,
459 632 489 680 qui
507 631 598 667 existimat
611 644 629 667 se
647 631 713 680 oiiquid
727 646 773 679 esse,
788 648 828 672 cum
843 636 888 673 nihii

152 690 180 736 sit,
190 691 258 737 ipsese
271 691 345 727 seducit.
360 690 429 736 Tertio,
438 691 495 737 gratia
508 689 609 726 deuotionis
622 690 691 727 homini
704 703 778 742 propter
791 695 887 744 pigritiam,

153 760 169 786 et
188 749 273 786 accidiam
293 749 413 795 subtrahitur,
433 748 503 798 quando
526 761 576 785 rueras
596 749 613 785 111
635 749 686 786 bonis
709 751 791 799 operibus
812 754 886 791 rniuime

153 798 264 845 exercitatur.
282 810 339 855 Nam,
355 810 408 845 sicuti
425 809 449 845 ait
467 808 566 856 scriptura,
581 809 664 845 ociositas
678 810 751 847 inimica
766 823 792 849 est
808 814 886 860 animae3

153 877 169 905 et
183 868 247 911 omnis,
262 869 291 917 qui
305 878 383 904 sectatur
397 868 463 910 ocium,
474 868 491 903 in
505 877 584 915 egestate
597 867 636 903 erit.
647 867 695 904 Dicit
709 869 755 906 euim
769 872 796 908 111
809 872 898 920 5111111111

152 928 244 965 Desideria
257 928 341 965 occidunt
358 928 441 976 pigrum3
455 926 553 963 noluerunt
566 927 613 963 enim
631 927 725 976 quiequam
740 932 810 979 operati
823 944 887 968 matius

153 988 196 1025 eius.
206 986 366 1031 Quemadmodum
379 987 425 1036 ignis
439 987 477 1022 sine
491 986 572 1022 fomento
586 986 702 1035 extinguitur,
711 988 735 1024 ita
748 990 819 1038 spiritus
834 990 886 1027 devo-

153 1047 207 1084 tionis
225 1047 262 1083 sine
277 1048 363 1084 continuo
379 1046 464 1082 exercitio
478 1045 569 1082 charitatis
583 1057 689 1082 evanescens
703 1056 813 1086 extenuatur.
827 1050 886 1087 Nemo

153 1107 206 1155 igitur
220 1105 241 1143 de
254 1108 290 1144 suis
299 1106 367 1143 viribus
377 1107 395 1143 iu
407 1106 440 1142 hac
453 1106 490 1142 vita
502 1115 614 1154 praesumat,
627 1118 680 1143 nemo
694 1107 712 1143 111
725 1109 799 1155 pristina
812 1123 886 1147 couver-

152 1167 221 1202 satione
237 1167 287 1214 quasi
302 1178 374 1202 securus
389 1164 476 1211 confidat;
490 1165 585 1214 quoniam,
599 1164 677 1214 quandiu
691 1167 730 1215 quis
742 1179 801 1216 potest
814 1168 851 1205 fieri
865 1183 886 1206 ex

152 1224 241 1261 deteriore
254 1225 323 1268 melior,
335 1233 394 1273 potest
408 1224 461 1260 etiam
474 1223 512 1259 fieri
525 1237 546 1260 ex
559 1223 633 1261 meliore
647 1224 729 1262 deterior.
743 1227 785 1263 Vita
798 1228 886 1265 0111111110-

152 1293 188 1320 stra
204 1284 278 1321 tentatio
293 1294 320 1320 est
333 1294 371 1320 tota
384 1295 438 1332 super
454 1292 531 1328 terram,
545 1283 562 1319 in
577 1296 619 1331 qua,
634 1284 713 1332 quinon
730 1286 854 1334 progredimur
868 1288 884 1324 iu

151 1343 204 1386 bono,
215 1341 314 1389 deficimus,
327 1342 393 1391 ibique,
403 1352 422 1378 ut
431 1352 502 1378 sanctus
511 1342 557 1389 Papa
570 1342 612 1378 dicit
625 1343 667 1386 Leo,
682 1342 773 1381 deficiendi
786 1345 885 1393 pericuium

152 1403 252 1445 incidimus,
262 1402 293 1438 ubi
302 1403 402 1451 appetitum
413 1400 519 1450 proficiendi
532 1413 642 1438 revocamus.
656 1402 747 1440 Aecidiatn
760 1405 814 1452 igitur
823 1404 885 1454 fugite,

108 1499 125 1516 ,Ι
150 1474 167 1502 et
180 1464 198 1500 in
208 1461 258 1498 bouis
268 1461 353 1509 operibus
367 1472 437 1508 semper
449 1459 527 1508 vigilate.
542 1459 664 1507 Considerate,
678 1460 720 1509 quid
732 1474 784 1503 seruo
798 1465 848 1513 pigro
858 1478 885 1501 ac-

151 1523 219 1568 ciderit,
233 1522 264 1570 qui
277 1522 371 1569 pecuniam
386 1518 455 1556 domini
468 1520 501 1562 sui,
513 1532 566 1567 quam
580 1519 601 1556 ad
615 1520 745 1568 negociandum
759 1534 857 1572 acceperat,
868 1526 885 1562 in

150 1583 222 1620 sudario
237 1580 336 1617 abscondit.
355 1580 492 1628 negociamini,
507 1591 580 1627 precor,
595 1580 637 1616 dum
651 1590 722 1629 tempus
736 1591 762 1618 est
767 1597 772 1629 ;
785 1596 855 1633 semper
868 1584 886 1621 iu

150 1643 201 1680 bonis
214 1640 283 1684 studiis,
293 1638 370 1689 quandiu
380 1640 447 1684 uiuitis,
458 1647 516 1675 estote
530 1640 618 1687 occupati.
632 1639 708 1686 Quarto,
717 1643 772 1689 gratia
786 1642 885 1680 deuotionis

150 1713 169 1739 ut
182 1701 281 1750 plurimum
295 1699 329 1736 iliis
343 1698 459 1744 subtrahitur,
468 1698 499 1746 qui
508 1696 540 1734 sub
550 1697 650 1734 obedientia
663 1699 717 1747 positi
726 1700 836 1739 voluntatem
845 1714 885 1751 pro-

150 1762 206 1811 priam
222 1768 327 1808 sequuntur.
347 1757 447 1795 Monachus
461 1758 521 1803 enim,
537 1758 629 1806 quisnam
643 1758 755 1797 Voluntatem
773 1761 838 1810 diligit,
851 1763 885 1800 Dei

151 1821 226 1870 gratiam
240 1819 338 1855 iustissime
353 1818 425 1854 amittit.
441 1817 479 1861 Qui
493 1827 552 1853 autem
565 1830 584 1853 se
597 1826 671 1867 propter
683 1818 742 1854 Deum
755 1822 831 1868 pastoris
844 1821 885 1858 obe-

151 1881 227 1917 dieutiae
240 1879 258 1914 in
272 1878 356 1915 omnibus
369 1877 460 1913 humiliter
478 1876 559 1914 subiicit:
574 1878 604 1926 qui
618 1878 676 1914 cordis
693 1880 761 1928 proprii
774 1881 884 1919 voluntatem

113 1961 115 1964 ⁴
150 1940 228 1989 spernit,
242 1939 295 1974 vatriis
314 1937 365 1973 donis
382 1937 449 1985 gratiae
466 1936 563 1985 spirituaiis
581 1937 688 1984 infunditur,
703 1950 719 1975 et
736 1939 804 1977 itrtuine
820 1943 885 1979 interni

150 1999 225 2037 feruoris
242 1997 345 2034 illustratur.
364 1996 414 2033 Nihil
431 1997 471 2032 Deo
489 1997 587 2045 preciosius
605 2005 622 2033 et
638 1998 727 2046 acceptius
741 2000 804 2036 offerre
822 2013 884 2049 possu-

149 2072 196 2105 mus,
211 2071 264 2107 quam
278 2058 292 2093 si
306 2057 397 2105 propriam
410 2056 521 2093 voluntatem
539 2055 586 2092 iilius
600 2069 661 2093 autore
676 2056 789 2106 abnegemus.
803 2060 884 2110 Denique

149 2118 237 2168 professio
251 2117 288 2165 ipsa
302 2117 412 2153 monasticae
427 2116 544 2152 institutionis
561 2114 612 2152 nobis
627 2129 649 2152 ex
664 2119 768 2156 necessitate
784 2119 845 2156 salutis
859 2121 884 2157 in-

150 2178 192 2216 dicit
205 2176 319 2214 uoiuntatem
332 2176 424 2224 propriam
438 2184 558 2221 contemnere,
572 2185 589 2210 et
602 2174 633 2218 illi,
642 2176 672 2224 qui
685 2175 736 2213 nobis
749 2178 839 2226 praelatus
852 2188 885 2226 est,

149 2237 243 2275 humiliter
261 2236 357 2273 subiacere.
375 2235 476 2272 Monachus
494 2247 547 2283 ergo,
561 2235 590 2283 qui
608 2245 677 2272 motum
690 2237 787 2275 voiuntatis
801 2240 884 2289 propriae

150 2298 237 2347 sequitur,
248 2298 298 2345 quasi
307 2308 337 2332 uas
347 2294 466 2338 immundum,
476 2305 493 2330 et
502 2295 569 2342 gratiae
578 2294 674 2342 spititualis
684 2296 776 2345 iudignum
791 2298 883 2337 iudicatur.

149 2358 201 2394 Unde
215 2356 280 2392 uretito
293 2355 350 2403 gratia
364 2354 396 2390 Dei
410 2353 498 2389 monacho
515 2354 598 2402 propriae
611 2354 706 2391 uoluntatis
720 2352 839 2404 subtrahitur,
854 2360 884 2408 qui

150 2418 201 2454 ahter
214 2417 286 2461 vinens,
300 2427 353 2463 quam
367 2413 458 2462 promisit,
474 2413 553 2450 Domino
567 2413 659 2451 mentitur.
673 2414 747 2461 Quinto,
761 2418 884 2467 1111111110-

150 2478 203 2515 tionis
218 2476 306 2514 momacho
321 2474 437 2520 subtrahitur,
448 2486 501 2523 quam
511 2475 547 2510 suis
557 2475 626 2510 meritis
639 2474 703 2511 habere
717 2476 815 2516 arbitratur.
829 2480 884 2523 Quod

150 2539 167 2574 iu
180 2551 199 2574 se
213 2536 281 2573 habitat
295 2545 395 2583 peccatum,
405 2547 441 2570 non
455 2534 547 2582 intelligit:
561 2534 576 2570 si
589 2534 631 2583 quid
644 2534 686 2572 boni
699 2540 791 2586 acceperit,
800 2541 837 2576 suis
846 2554 884 2577 me-

62 2611 125 2645 111119.
152 2598 189 2635 ritis
203 2594 296 2634 adscribit:
312 2595 379 2632 Contra
389 2594 434 2631 hanc
443 2595 508 2630 mentis
521 2594 611 2643 ignaviam
624 2607 695 2632 sauctus
709 2599 795 2648 propheta
809 2600 852 2637 dixit
862 2600 884 2637 ad

61 2677 101 2702 110111,
110 2683 122 2709 9·
150 2660 259 2700 Dominum:
273 2661 352 2697 Domine
365 2660 382 2696 in
396 2660 489 2698 voiuntate
502 2670 533 2696 tua
546 2658 650 2707 praestitisti
663 2657 723 2694 decori
737 2671 777 2697 meo
790 2661 883 2708 virtutem3
