1968 3023
451 155 525 192 Humilia
539 155 593 191 XXl.
857 165 888 200 171

154 245 274 283 paupertatem
289 234 340 271 huius
350 235 396 271 vitae
410 247 446 270 nou
460 235 532 279 rnctuit;
546 234 631 282 quonium
641 234 757 281 sempiternus
767 233 836 271 divitias
850 243 889 270 toto

153 294 240 332 desiderio
251 295 367 343 concupiscit.
378 293 472 330 Meditario
486 293 549 330 ruortis
563 293 624 329 omnia
638 292 690 329 huius
700 294 762 331 mundi
771 293 843 330 aduersa
857 305 890 342 pro

154 354 220 392 Christi
233 367 293 402 amore
307 354 437 403 patientissime
451 352 523 398 tolerat;
537 353 577 401 quia
595 352 639 389 nihil
656 352 709 399 aliud,
724 365 776 401 quam
794 365 888 401 supernam

153 413 286 451 retributionem
298 423 364 462 sperat,
374 412 469 449 Meditatio
483 412 536 448 morti
559 411 668 448 monachum
683 410 724 448 facit
738 411 829 458 humilem,
842 421 858 449 et
871 413 890 448 in

153 475 219 511 cunctis
233 473 319 510 mandatis
334 471 445 509 rectitudinis
459 470 579 508 obedientem.
594 470 687 508 hleditatio
702 472 765 508 mortis
781 472 889 508 rnouachum

153 534 233 583 quietum
243 532 290 578 iacit,
299 542 316 569 et
330 533 348 568 iu
363 531 503 579 congregatione
513 529 600 575 stabilem,
615 540 632 566 et
647 543 686 566 curu
698 530 779 568 omuibus
789 532 806 567 in
817 530 889 567 Christo

153 591 196 630 bene
210 591 353 630 concordantem.
368 590 461 627 Meditatio
475 591 538 627 mortis
552 590 663 627 monachum
678 593 758 640 quietum
773 590 822 637 facit,
836 601 889 641 atque

153 652 249 700 pacificum,
264 662 281 688 et
294 653 333 688 siue
350 652 415 700 mentis
434 648 566 698 perturbatione
584 651 642 699 aliqua
659 651 781 701 tranquillum.
796 651 889 689 hieditatio

152 713 215 750 mortis
229 724 291 749 omnes
304 710 439 755 dissolutiones,
453 720 469 746 et
483 709 562 746 levitates
572 712 685 754 exterminat,
700 721 717 747 et
730 711 839 748 monachum
852 724 889 747 ma-

152 781 218 814 turum,
232 780 248 806 et
261 768 356 806 salubriter
374 767 444 804 tristem
458 769 475 805 iu
490 766 572 805 omuibus
591 778 698 816 praeservat.
712 769 807 807 Meditatio
825 770 889 806 mortis

152 828 258 880 monachum
270 827 309 864 lacit
318 826 426 869 solitarium,
441 836 457 862 et
472 826 488 861 in
502 826 568 862 sanctis
582 825 693 863 orationibus
703 829 787 865 continue
796 828 887 866 devotum.

153 887 245 924 hleditatio
259 887 322 924 mortis
332 885 419 922 accelerat
433 885 567 933 poeniteutiam,
581 895 598 921 et
612 898 672 922 veram
686 886 752 924 inducit
766 888 888 936 compunctio-

152 960 199 984 nem.
213 946 306 983 hieditatio
320 946 384 982 mortis
394 944 503 981 desiderium
516 943 536 981 ab
551 946 600 982 omni
614 947 692 983 vanitate
706 946 799 993 subtrahit,
815 958 831 985 et
845 961 888 985 cou-

152 1007 243 1043 scientiaru
257 1018 344 1048 serenam,
359 1013 377 1041 et
390 1004 504 1052 purissimam
517 1003 600 1042 custodit.
611 1005 705 1042 Meditatio
719 1007 782 1043 mortis
795 1007 887 1044 hominem

152 1066 192 1103 facit
205 1066 264 1103 omuia
277 1064 330 1102 huius
345 1063 408 1100 mundi
422 1062 484 1100 solatia
494 1073 614 1107 contemnere,
630 1072 646 1100 et
660 1064 681 1101 ad
695 1066 763 1102 exitum
776 1079 794 1103 se
808 1066 889 1115 quotidie

152 1137 260 1174 praeparare.
274 1125 369 1161 Meditatio
383 1123 447 1160 mortis
460 1123 520 1160 ocium
534 1123 587 1160 docet
601 1123 670 1172 fugere,
680 1134 697 1160 et
711 1123 752 1161 facit
765 1125 856 1163 homiuem
870 1127 888 1162 in

151 1187 214 1222 timore
227 1185 301 1221 Domini
315 1185 381 1231 iugiter
395 1182 474 1242 vigilare.
489 1182 582 1220 Meditatio
596 1185 661 1220 mortis
675 1184 719 1221 nulli
738 1183 778 1221 facit
796 1186 887 1230 iniuriam,

152 1246 192 1295 quia
205 1244 302 1282 districtam
317 1256 388 1291 semper
402 1244 465 1279 metuit
482 1243 543 1280 indicii
557 1244 651 1281 rationem.
666 1244 760 1282 hleditatio
778 1246 840 1283 mortis
854 1246 887 1282 ira-

151 1305 240 1350 cundiam,
250 1314 267 1340 et
276 1316 339 1340 omues
354 1313 415 1340 motus
425 1301 534 1340 inordinatos
544 1303 622 1351 mitigat;
637 1304 683 1352 quia,
694 1305 736 1341 dum
750 1318 769 1341 se
782 1305 837 1342 homo
851 1306 888 1342 cito

150 1364 258 1400 moriturum
266 1362 337 1410 cogitat,
345 1371 425 1398 mentem
435 1361 479 1398 nihil
489 1361 608 1398 extrinsecum
617 1361 713 1410 perturbat.
721 1363 813 1401 Meditatio
824 1365 887 1401 mortis

151 1435 181 1460 cor
195 1422 290 1459 contritum
303 1420 351 1466 facit,
365 1431 383 1456 et
396 1419 472 1466 humile3
486 1421 526 1469 quia
536 1419 639 1457 futurorum
649 1421 716 1458 intenta
727 1424 814 1459 memoria
827 1424 883 1460 nemi-

150 1495 189 1518 nem
204 1481 290 1531 permittit
303 1479 401 1529 superbire
415 1480 508 1517 hleditatio
522 1480 586 1517 mortis
601 1481 685 1517 continua
697 1490 754 1518 tutum
769 1482 785 1517 iu
800 1482 884 1519 extremis

150 1540 191 1578 facit
204 1543 280 1586 exituum
295 1540 381 1590 quoniam
395 1553 415 1577 ex
430 1540 486 1576 multo
499 1549 581 1588 tempore
595 1539 714 1577 meditantem
731 1541 822 1578 constituit
835 1555 885 1591 prae-

150 1611 235 1649 paratum.
245 1599 338 1637 Meditatio
349 1601 417 1637 mortis
427 1599 526 1637 claustrales
536 1600 614 1636 maxime
625 1599 682 1645 decet,
694 1613 713 1637 ac
727 1602 830 1651 monachos,
840 1615 885 1651 quos

149 1662 228 1698 omnium
241 1671 354 1698 terrenorum
370 1658 463 1703 abdicatio,
478 1661 545 1708 etipsa
563 1658 652 1707 professio
666 1659 751 1709 regularis
769 1661 836 1698 mundo
850 1663 885 1698 iam

149 1721 189 1759 lecit
198 1730 285 1766 mortuos,
295 1732 347 1769 atque
357 1719 443 1767 sepultos.
454 1718 546 1756 Meditatio
555 1720 620 1755 mortis
630 1719 739 1756 monachum
749 1719 791 1757 iacit
801 1721 818 1756 ir1
828 1720 885 1757 stadio

148 1779 244 1828 spiritualis
258 1778 332 1815 militiae
342 1778 439 1827 prudenter
449 1790 525 1823 currere,
537 1788 553 1814 et
563 1778 676 1826 propositum
687 1778 742 1814 sancti
756 1778 831 1816 fervoris
840 1793 886 1829 quo-

148 1840 191 1876 tidie
205 1839 294 1875 innovare.
309 1837 403 1874 Meditatio
418 1839 480 1874 mortis
490 1838 574 1875 contiuua
587 1836 639 1874 valde
652 1837 700 1873 utilis
715 1847 741 1874 est
754 1838 885 1885 claust1·alibus;

148 1898 231 1947 quoniam
245 1908 261 1934 et
276 1898 333 1934 carnis
346 1898 391 1934 vitia
404 1906 487 1945 potenter
501 1897 589 1946 reprimit,
604 1906 621 1932 et
635 1896 705 1933 nullum
717 1899 804 1945 perversis
818 1900 886 1949 cogita-

148 1957 225 1995 tionibus
239 1957 302 1994 meutis
313 1956 380 1993 aditum
391 1956 476 1993 concedit.
486 1957 534 1993 Dicit
548 1956 595 1993 euim
605 1965 677 1992 sauctus
687 1956 758 2004 praesul
767 1958 885 2006 Augustinus.

147 2017 212 2054 Timor
226 2017 246 2053 de
260 2015 319 2053 lutura
333 2025 391 2053 morte
409 2026 487 2052 mentem
505 2015 606 2052 necessario
625 2017 712 2059 concutit,
728 2025 745 2052 et
758 2018 807 2065 quasi
825 2017 885 2054 clavus

148 2077 204 2114 carnis
217 2089 280 2114 omues
294 2085 354 2113 motus
368 2074 460 2123 superbiae
473 2074 522 2123 liguo
536 2075 593 2112 crucis
606 2074 668 2123 affigit.
679 2074 705 2111 ‘Et
716 2086 787 2112 sanctus
796 2067 884 2113 Ecclesiae

148 2136 197 2185 pugil
209 2137 332 2185 Hieronymus
351 2136 405 2173 dicit:
420 2134 469 2172 Nihil
487 2147 541 2184 aeque
559 2133 591 2171 tibi
609 2134 691 2184 proficiet
710 2134 731 2171 ad
748 2138 884 2185 temperantiam

147 2196 228 2233 omniunt
237 2208 302 2239 rerum,
312 2207 366 2244 quam
380 2193 463 2243 frequens
478 2195 563 2244 cogitatio
572 2192 632 2230 brevis
642 2195 695 2238 uitae,
707 2195 756 2231 cuius
770 2195 810 2232 finis
824 2207 883 2233 certus

147 2265 179 2301 est,
192 2255 235 2293 hora
248 2268 291 2292 vero
305 2254 390 2291 incertius
404 2252 448 2290 nihil
462 2262 494 2289 est.
508 2252 601 2290 hleditatio
618 2254 673 2301 igitur
691 2255 753 2291 mortis
771 2267 844 2292 omnem
857 2257 884 2292 iu-

147 2315 269 2363 temperatiam
288 2313 369 2362 corrigit,
385 2321 401 2349 et
420 2324 479 2348 mores
497 2312 599 2349 meditantis
617 2313 692 2361 pulchra
709 2314 793 2350 uarietate
811 2314 883 2351 stabiles

147 2374 243 2421 componit.
253 2372 348 2410 illeditatio
358 2372 422 2408 mortis
432 2384 491 2408 veram
505 2382 582 2420 praestat
595 2372 666 2409 homiui
680 2372 789 2420 sapientiam,
804 2383 821 2410 et
834 2386 883 2410 surn-

146 2434 224 2469 mantin
239 2431 362 2469 claustralibus
376 2430 445 2479 perficit
459 2430 598 2480 philosophiam.
612 2431 660 2469 Nam
674 2441 690 2467 et
704 2430 781 2468 Platonis
795 2434 883 2470 sententia

147 2492 184 2538 init,
194 2504 266 2529 omnem
276 2494 377 2540 sapientum
387 2491 442 2527 vitatu
452 2489 587 2528 meditationem
598 2504 637 2528 esse
647 2492 717 2536 mortis
727 2500 819 2539 propterea
834 2492 883 2542 quod

146 2564 165 2587 ea
179 2550 281 2587 conditione
295 2563 357 2587 omnes
366 2550 462 2593 nascimur,
472 2559 492 2585 ut
505 2550 545 2587 hinc
555 2563 617 2588 rursus
631 2563 662 2599 per
676 2559 752 2587 mortem
763 2552 882 2599 egrediamur.

146 2611 193 2647 Dicit
206 2611 253 2647 enim
267 2610 360 2659 scriptura.
374 2609 443 2646 Omnes
457 2611 552 2657 morimur]
567 2622 584 2647 et
598 2611 648 2660 quasi
662 2621 716 2657 aquae
729 2609 747 2645 in
760 2620 825 2648 tertam
839 2612 882 2649 dila·
903 2633 914 2651 2.
924 2626 949 2652 uo.
960 2634 980 2658 14.

145 2669 211 2713 bimur,
229 2677 273 2719 quae
290 2668 367 2717 amplius
384 2681 421 2706 uon
439 2679 559 2708 revertuntur.
576 2670 597 2707 Et
613 2678 686 2706 sanctus
704 2668 769 2706 Christi
783 2672 881 2719 Apostolus
903 2660 965 2695 H⁰b¹'⁹'
