1968 3023
10 16 13 89 ]
46 104 49 108 ,
72 15 254 156 ΟΜΝ
272 15 495 123 drapum

134 349 370 414 ,SERMONES
396 346 837 404 EIEXHORTATIONES
877 396 878 399 ,

376 479 417 520 an
435 477 603 519 monachos

254 590 470 663 IOANNIS
503 588 727 670 TRITEMII

331 718 437 755 ABBATIS,
448 718 650 764 SPANHEIMENSIS,

212 822 273 844 POSTEA
283 823 421 846 HERBII’OLENSIS:
432 824 501 851 QUORUM
512 824 606 846 SERIIIONUM
616 823 651 845 DUO
662 823 705 845 SUNT
716 823 767 845 erunt:

250 883 311 905 PRIMUS
321 882 398 905 VOCATUR
408 883 520 911 HOMILIARUM,
532 883 619 905 SECUNDUS
629 883 728 905 SERMONUM.

176 987 201 1026 Iu
220 986 317 1026 Nouius
336 986 430 1025 Donum
449 986 538 1026 Nosam
559 985 634 1026 IESU
656 985 801 1033 CHRISTI,

171 1065 175 1067 Δ
433 1057 526 1088 ,ruerem

223 1116 283 1144 numu
298 1116 371 1144 uulnus
387 1103 569 1145 Exuouaamouum
584 1117 612 1144 nn
628 1103 752 1145 Monacnos.

275 1249 301 1280 De
311 1249 368 1279 militia
378 1248 460 1287 spIrz'laali
469 1250 590 1281 Moaacdorum.
602 1249 675 1280 Homilia
685 1251 700 1281 J.

129 1353 140 1362 '‘
164 1362 166 1368 ’
182 1348 287 1421 ,ILITIAE
304 1348 416 1385 Christianae
434 1348 517 1385 convenit
531 1347 604 1392 fratres,
618 1358 635 1384 et
648 1348 744 1397 praecipue
757 1347 856 1385 Monachu-

123 1423 130 1462 »ἰ
160 1409 196 1501 M„
206 1421 253 1452 rum,
268 1408 322 1444 variis
335 1406 398 1444 mundi
411 1406 464 1444 huius
478 1406 569 1444 subiacere
583 1400 721 1454 calamitatibus,
736 1416 753 1443 et
766 1409 812 1445 sicut
825 1421 856 1444 au·
877 1451 879 1455 Α

168 1464 176 1476 ”
206 1480 246 1504 rum
256 1467 274 1503 in
281 1466 359 1510 fornice,
368 1467 456 1504 continuis
466 1468 552 1514 exerceri,
559 1476 612 1516 atque
621 1465 694 1516 probari
703 1465 855 1504 tribulationibus,

121 1525 253 1563 Monachorum
273 1536 299 1563 est
312 1526 360 1562 enim
373 1525 447 1562 militiae
461 1525 606 1563 Christianorum
620 1517 737 1563 communem
752 1525 855 1562 normulam
891 1545 964 1572 M„,„„„

121 1584 183 1622 altiore
196 1585 251 1622 modo
265 1583 337 1622 vivendi
350 1584 480 1628 transcendere,
493 1594 511 1621 et
524 1596 560 1622 uon
574 1585 633 1622 solum
643 1586 744 1633 praeceptis
754 1583 855 1629 dominIcis,
876 1588 904 1605 ‘⁰¹¹¹
915 1587 964 1616 1³³¹&-

120 1643 151 1681 sed
171 1645 224 1682 etiam
244 1644 322 1681 consiliis
343 1643 419 1682 obedire.
439 1644 572 1682 Monachorum
589 1654 617 1681 est
637 1643 718 1690 divitias,
737 1644 822 1690 honores,
839 1653 856 1680 et

121 1716 184 1740 omnes
198 1703 295 1752 praesentis
309 1704 371 1740 mundi
384 1703 485 1753 voluptates
494 1715 527 1751 pro
536 1704 571 1741 Dei
581 1716 644 1741 amore
653 1704 724 1752 penitus
734 1711 855 1747 contemnere,

120 1772 137 1799 et
151 1763 238 1811 superatis
252 1761 351 1800 carnalibus
367 1761 465 1808 desideriis,
479 1762 512 1799 soli
526 1763 566 1800 Deo
583 1763 649 1811 iugiter
666 1771 744 1799 vacares
754 1761 856 1799 Monachus
876 1758 877 1762 ¹
902 1777 963 1805 noman

119 1834 197 1871 namque
210 1822 261 1871 quasi
272 1822 363 1859 solitarius
375 1821 397 1858 ab
411 1823 478 1859 unitate
491 1821 561 1869 dicitur,
570 1823 600 1871 qui
615 1822 668 1858 etiam
682 1823 722 1870 ipso
735 1821 814 1858 nominis
827 1821 855 1858 sui
876 1817 935 1847 etymon.

120 1879 208 1917 vocabulo
221 1880 243 1917 ad
256 1890 381 1930 contemptum
394 1881 449 1918 sec'nli
467 1890 568 1919 moneatur.
581 1880 673 1931 Monachi
684 1880 760 1929 proinde
779 1880 858 1918 officium

120 1949 147 1976 est
160 1952 220 1976 secum
234 1940 251 1977 in
265 1939 360 1977 solitudine
373 1937 467 1984 mundum,
481 1948 499 1976 et
512 1940 625 1988 purificatum
634 1940 705 1976 ‘avitiis
720 1939 823 1983 consistere,
838 1949 855 1976 et

120 1998 213 2035 Christum
226 2011 279 2047 super
292 1999 354 2036 omnia
367 1998 441 2036 dulciter
455 2011 520 2036 amare.
534 1998 603 2047 Scopus
617 1999 665 2035 eninr
681 1997 820 2042 Monachomm,
834 1997 855 2034 ud

119 2070 173 2106 quern
187 2057 272 2106 regularis
286 2058 375 2095 institutio
389 2057 477 2106 dirigitur,
491 2051 574 2095 Christus
583 2068 617 2104 est,
627 2070 681 2107 quem
695 2058 762 2094 imitari
774 2058 854 2107 quisquis

119 2126 194 2161 recusat,
208 2129 241 2153 nec
253 2117 354 2155 Monachus
367 2116 445 2167 quidem,
458 2130 491 2154 uec
504 2117 611 2154 christianus
625 2126 657 2154 est.
671 2116 723 2154 Unde
738 2116 801 2154 fratres
819 2117 855 2154 mei
900 2133 962 2161 lamp

119 2176 165 2213 scire
178 2175 270 2222 debemus,
281 2177 366 2225 quoniam
379 2177 459 2226 quisquis
472 2177 580 2223 DomInum,
588 2186 606 2213 et
615 2169 726 2213 Salvatorem
740 2185 823 2213 nostrum
836 2176 855 2213 in
875 2175 927 2202 ⁵⁶⁰P⁰⁵'

119 2246 161 2271 vera
174 2234 264 2283 patientia,
278 2242 296 2271 et
308 2234 409 2272 humilitate
421 2247 458 2272 non
471 2235 557 2284 sequitur,
570 2234 616 2271 nihil
629 2234 646 2270 ei
659 2233 732 2282 prodest
741 2233 762 2270 ad
771 2234 853 2279 salutem,

119 2292 168 2343 quod
185 2295 298 2339 christianus,
315 2294 344 2332 vel
357 2295 458 2332 Monachus
471 2304 589 2343 nuncupatur¹
603 2295 643 2343 ipse
656 2307 733 2344 namque
746 2304 779 2339 est,
792 2296 823 2345 qui
836 2295 854 2347 in

119 2365 170 2389 sacro
180 2353 279 2401 Evangelio
293 2353 345 2392 dicit:
359 2355 401 2391 Non
414 2355 479 2401 otnnis,
495 2354 525 2403 qui
543 2354 585 2391 dicit
602 2353 647 2390 mihi
664 2353 749 2398 Domine,
766 2354 853 2401 Domine,

119 2411 191 2449 intrabit
205 2413 223 2449 in
237 2425 312 2462 regnum
327 2414 425 2459 coelorum,
438 2414 470 2451 sed
484 2415 514 2463 qui
527 2413 569 2451 lacit
582 2414 693 2451 voluntatem
702 2415 759 2451 Patris
772 2416 814 2462 mei,
823 2416 854 2464 qui

119 2472 137 2509 in
152 2472 206 2509 coelis
220 2483 252 2519 est,
267 2474 305 2521 ipse
319 2473 390 2511 intrabit
403 2475 420 2511 in
434 2487 509 2524 regnum
524 2474 624 2512 coelorum.
639 2474 691 2518 Quae
704 2483 764 2511 autem
779 2476 802 2512 sit
819 2476 854 2512 Dei

117 2532 207 2580 voluntas,
217 2544 287 2570 sanctus
296 2533 395 2583 Apostolus
409 2535 483 2583 aperuit,
497 2534 564 2572 dicens:
575 2535 624 2572 Haec
638 2542 664 2571 est
673 2534 756 2572 voluntas
765 2534 805 2579 Dei,
814 2547 854 2572 sun-

103 2624 104 2628 ,
119 2592 204 2630 ctificatio
219 2603 284 2631 vestra.
298 2593 332 2632 Sed
346 2608 386 2631 cum
400 2595 452 2632 huius
465 2605 569 2643 praeceptae
577 2593 629 2632 nobis
638 2593 783 2632 sanctificationis
792 2608 854 2632 neces-

120 2653 165 2689 saria
180 2654 312 2691 consummatio
325 2667 408 2703 magnam
417 2656 495 2705 requirat
504 2655 521 2692 in
531 2653 614 2691 omnibus
627 2653 742 2691 tolerantiam
755 2653 853 2702 malorum,

121 2721 138 2750 et
152 2712 280 2759 humilitatem,
293 2714 378 2763 quoniam
391 2727 444 2753 nemo
454 2724 524 2752 sanctus
533 2714 602 2752 viribus
611 2714 657 2752 suis:
667 2723 739 2763 oportet
748 2727 781 2752 nos
790 2715 854 2753 fratres

119 2770 155 2810 mei
168 2771 272 2809 continuam
285 2773 385 2811 vocationis
397 2784 468 2812 nostrae
481 2786 535 2824 penes
548 2774 670 2824 nosmetipsos
679 2773 743 2811 hahere
753 2773 853 2812 considera-

874 2380 912 2407 hlatt.
921 2388 933 2415 7.
