1968 3023
364 121 420 159 Satara
436 122 464 159 Vt.
745 132 779 168 223

47 204 189 252 compunctionis
202 204 277 241 ararissae
286 203 357 241 videtur
370 204 497 250 necessatium,
508 213 594 253 quatenus
603 203 621 240 in
630 202 679 239 nullo
689 212 706 239 te
716 211 779 241 contra

47 264 140 302 dominum
153 263 216 308 eleves,
230 263 261 300 sed
274 264 387 301 voluntatem
400 273 449 300 tuam
463 265 481 300 in
494 263 577 302 omnibus
587 263 656 300 divinae
669 262 778 300 ordinationi

47 320 152 363 conformes,
170 325 194 361 Ut
211 324 241 362 fiat
253 324 335 362 voluntas
349 324 395 369 eius,
410 324 428 360 in
442 324 523 361 oratione
536 323 632 361 Dominica
650 322 736 360 dicimus:
752 323 778 360 di-

45 397 99 432 gmnn
114 395 146 430 est,
156 394 175 420 ut
189 385 223 433 ipsi
235 384 313 421 orationi
326 394 392 427 ruente,
403 393 420 420 et
429 384 493 420 affectu
506 383 606 421 voluntarie
619 395 690 430 semper
703 394 778 419 concor·

46 443 113 482 dernus
130 444 203 491 Tertio,
216 445 246 493 qui
259 444 334 493 gratiam
348 444 448 481 devotionis
462 445 545 481 amissam
559 455 663 491 recuperare
676 442 776 487 desiderat,

46 498 126 553 oportet,
140 503 187 553 quod
201 516 273 541 orianem
287 503 340 540 huius
358 503 420 541 mundi
432 504 544 553 voluptatem
563 512 635 551 propter
649 503 683 539 Dei
697 514 777 539 tatarorem

45 563 114 600 fortiter
130 573 237 601 contemnat.
254 564 296 601 Non
310 564 357 600 enim
371 562 410 599 fieri
423 573 491 611 potest,
505 572 524 600 ut
538 563 621 612 spiritum
634 563 714 599 internae
728 575 777 598 com-

44 624 145 671 punctionis
158 623 237 671 recipiat,
250 623 279 671 qui
293 623 368 659 terrenis
382 622 458 671 gaudiis,
473 634 491 660 et
504 621 623 672 uoluptatibus
637 620 695 658 cordis
709 620 777 657 liabita-

45 683 105 719 culum
117 683 170 719 laxat:
184 691 255 731 oportet
265 694 313 731 ergo,
323 681 371 731 quod
381 695 453 719 omnem
467 684 564 730 praesentis
574 682 621 718 vitae
634 680 785 731 consolationem

45 741 120 788 abiicias,
130 742 144 778 si
153 742 235 788 spiritum
249 740 305 778 divini
319 741 384 778 amotis
395 740 459 778 habere
472 755 513 779 cum
526 743 562 779 suis
574 739 709 778 charismatibus
719 750 775 788 optas.

45 802 114 845 Quarto
127 800 191 838 iuberis
204 810 222 837 te
235 813 244 836 a
258 801 307 837 vanis
321 801 376 844 cin-is,
391 811 408 837 et
422 801 569 850 occupationibus
586 801 638 837 huius
656 799 718 836 uitandi
735 811 776 847 per-

43 871 97 909 petuo
110 860 223 905 subtrahere,
238 868 255 896 et
268 870 347 897 merrtem
361 861 410 897 omni
424 869 505 909 tempore
518 862 535 897 in
548 860 582 897 Dei
595 860 667 897 servitio
681 858 775 896 delectabi-

43 921 83 958 liter
98 932 190 969 occupare.
207 920 263 966 Nam,
277 930 296 956 ut
309 919 400 971 nonanus,
411 921 444 957 ait:
458 921 516 957 Nemo
534 928 592 969 potest
610 920 649 956 Deo
667 919 743 962 servite,
758 927 775 955 et

43 993 163 1022 mammonae,
177 978 207 1015 sed
221 979 250 1027 qui
264 978 338 1016 domino
351 981 369 1016 in
382 980 456 1015 veritate
470 979 527 1016 cordis
541 978 622 1015 iararulari
635 978 731 1025 desiderat,
745 992 775 1015 ne-

43 1054 91 1078 cesse
105 1049 138 1085 est,
149 1050 168 1077 ut
177 1052 239 1077 omnes
253 1039 314 1076 mundi
328 1040 454 1087 occupationes
468 1049 576 1077 contemnat.
590 1040 659 1083 Quinto
672 1038 774 1082 suademus,

42 1110 61 1137 ut
75 1112 104 1136 cor
117 1109 168 1136 tuum
181 1099 199 1135 in
212 1097 329 1143 meditatione
342 1099 430 1147 passionis
444 1098 512 1136 Christi
524 1111 594 1146 semper
608 1112 694 1147 occupare
711 1100 775 1136 memi-

42 1160 93 1203 neris,
103 1159 187 1208 quoniam
196 1170 233 1194 non
243 1167 268 1194 est
278 1157 311 1194 alia
320 1158 349 1194 via
358 1156 379 1194 ad
389 1157 532 1205 doaaapurrctiorris
546 1158 620 1208 gratiam
633 1157 774 1205 recuperandam

41 1217 191 1266 compendiosior,
206 1230 238 1253 nec
251 1215 316 1253 modus
329 1216 415 1253 orationis
429 1216 449 1253 ad
463 1216 594 1266 impetrandum
607 1229 617 1252 a
629 1217 708 1254 Domino
718 1216 774 1265 quod·

42 1290 110 1326 caanqae
127 1275 285 1326 postulaverimus,
300 1275 395 1312 efficacior.
410 1276 475 1321 Sexto,
491 1277 617 1314 conscientiam
631 1286 680 1313 taam
693 1276 774 1325 quotidie

41 1349 139 1385 expurgare
152 1347 252 1384 pernetam
266 1335 394 1384 poenitentiam
408 1335 489 1374 studens:
503 1347 520 1373 et
533 1337 603 1386 quoties
616 1336 634 1372 in
647 1336 723 1385 aliquam
738 1336 774 1373 cul·
788 1379 790 1384 Ι

41 1408 81 1445 pam
93 1394 181 1438 cecideris,
190 1407 233 1430 atrox
245 1406 277 1442 pet
291 1393 418 1431 contritionem
432 1395 530 1443 resipiscas.
544 1396 562 1433 Si
575 1395 618 1432 haec
627 1394 673 1432 bona
682 1395 774 1433 uoluntate

41 1455 130 1492 custodire
147 1454 246 1498 curaveris,
261 1454 344 1490 amissam
360 1454 504 1502 compunctionis
517 1455 601 1504 gratiam,
615 1455 654 1492 Deo
667 1455 772 1498 miserante,'

40 1513 156 1563 recuperabis.
682 1524 685 1530 ·

194 1604 285 1633 Dentonem
295 1604 392 1634 ascensionis
400 1605 484 1642 gradibus.
508 1606 564 1636 Sermo
578 1606 614 1635 VH.

40 1699 132 1787 Seniani
145 1691 196 1731 vobis
211 1693 339 1740 describimus,
353 1694 416 1731 fratres
430 1695 536 1742 charissimi,
549 1709 615 1734 raoaem
629 1696 726 1745 graduum,
740 1710 771 1746 pet

85 1766 137 1802 quam
150 1752 170 1789 fit
183 1765 265 1789 ascensus
283 1753 356 1790 lauraiani
369 1754 442 1802 spiritus
456 1755 474 1791 in
488 1755 564 1792 coelum.
582 1756 604 1792 Et
617 1758 698 1805 quamuis
714 1757 771 1795 altero

39 1813 61 1849 sit
74 1812 118 1849 alter
133 1811 232 1858 sublimior,
246 1823 305 1849 tamen
319 1813 340 1849 ad
353 1826 430 1862 regnum
443 1814 477 1851 Dei
490 1828 558 1859 omnes,
573 1825 590 1851 et
603 1816 669 1865 singuli
682 1816 769 1865 dirigunt,

38 1880 56 1908 et
69 1885 78 1908 a
91 1871 159 1908 meritis
176 1871 309 1908 ascendentium
325 1872 389 1909 rnerita
405 1872 513 1911 discernant.
532 1875 567 1910 His
579 1886 631 1923 ergo,
645 1888 689 1923 quae
705 1875 770 1912 dicturi

38 1944 106 1976 sumus,
121 1931 214 1979 diligenter
227 1930 322 1969 attendite:
336 1942 353 1969 et
366 1933 480 1979 quantumin
494 1933 575 1982 profectu
588 1934 676 1982 spirituali
690 1935 769 1982 profece·

38 1991 82 2037 ritis,
96 1988 210 2028 considerate.
224 1991 299 2035 Omnes,
311 2001 400 2040 quotquot
414 1991 435 2029 ad
449 2005 523 2041 regnum
537 1994 571 2030 Dei
585 2005 707 2042 pervenerunt,
716 1995 770 2032 huius

36 2050 93 2087 scalae
106 2049 188 2099 gradibus
197 2050 320 2087 ascenderunt.
334 2051 407 2095 Quaarto
416 2063 459 2088 vero
469 2053 544 2101 quisque
553 2055 571 2090 in
581 2066 641 2089 aarraore
650 2053 684 2090 Dei
693 2054 769 2102 arnpllus

37 2108 142 2157 profecerit,
155 2118 204 2145 tanto
217 2110 252 2145 ianr
266 2103 318 2146 altius
336 2109 420 2146 ascendit.
438 2110 508 2146 Primus
525 2110 589 2159 gradus
605 2110 674 2149 inferno
689 2123 714 2149 est
728 2125 769 2160 pto-

36 2168 101 2214 aimus,
111 2179 127 2204 et
137 2168 192 2216 magis
203 2167 330 2204 asublimitate
345 2167 427 2204 coelestis
441 2170 508 2217 patriae
520 2179 606 2206 remotus.
619 2170 707 2223 Homines
721 2171 769 2207 enim

37 2227 55 2262 in
68 2239 89 2263 eo
103 2227 156 2274 positi
169 2239 179 2262 a
192 2227 239 2263 vitiis
254 2228 343 2272 recedere,
357 2237 374 2263 et
387 2227 405 2263 in
418 2227 483 2264 timore
496 2228 530 2265 Dei
546 2228 631 2278 proficere
644 2229 737 2278 incipiunt,
752 2241 769 2268 et

36 2285 112 2322 venialia
124 2286 240 2334 negligentes,
255 2299 264 2322 a
277 2286 383 2323 mortalibus
398 2287 488 2325 recedunt,
503 2288 572 2326 hientes
586 2288 658 2338 quidean
671 2289 693 2326 ad
706 2303 769 2338 opera-

36 2344 104 2380 tionem
115 2345 202 2381 virtuturn
219 2345 333 2392 anhelantes,
346 2346 427 2395 graviora
441 2356 512 2394 peccata
525 2346 603 2396 fugiunt:
617 2348 647 2384 sed
665 2347 768 2385 infirmitate

35 2415 98 2452 prauae
112 2404 245 2440 consuetudinis
258 2414 384 2453 praegravatae
394 2406 468 2442 minima
478 2419 514 2442 non
523 2407 622 2444 attendunt.
635 2408 687 2444 Unde
698 2409 768 2456 saepius

35 2476 56 2499 ea
69 2463 168 2512 fragilitate,
182 2464 263 2501 mortalis
276 2466 344 2512 peccati
357 2464 426 2501 foveam
441 2465 528 2512 incidunt,
543 2467 628 2516 quoniam
643 2467 715 2504 ueraialia
728 2481 768 2516 gra-

34 2521 104 2560 viorum
117 2524 220 2560 occasiones
234 2537 270 2561 non
285 2535 375 2562 caverunt.
389 2525 464 2562 Nullum
478 2527 525 2563 enim
538 2536 630 2574 peccatum
643 2538 679 2564 tam
693 2540 768 2576 parvum

35 2593 66 2626 est,
81 2582 128 2631 quod
141 2582 197 2618 maius
210 2595 247 2619 non
260 2583 290 2620 fiat
303 2585 412 2632 neglectum.
426 2585 473 2622 Nam
483 2596 500 2623 et
509 2586 523 2622 si
532 2586 607 2622 vernalia
621 2598 692 2635 peccata
701 2588 718 2624 in
728 2597 767 2625 toto

34 2654 95 2679 cavete
111 2655 148 2679 nou
165 2654 270 2690 possumus,
284 2642 368 2680 ommbus
386 2653 446 2681 nitrien
464 2643 541 2689 uiribus,
554 2657 577 2681 ne
594 2645 737 2695 multiplicentur
750 2648 768 2683 iu
