1968 3023
46 2322 85 2347 ltoru.
95 2329 115 2354 14.

153 159 186 197 194
345 149 394 196 Quat
406 150 439 187 siut
450 161 500 187 acrae
512 150 612 188 lrrurrilitatr's
625 151 690 189 iudicia.

149 227 294 276 prehendendum
307 229 384 267 aliorum
394 239 466 278 peccata
478 229 584 267 lnunilitatis
597 243 659 267 amore
672 229 737 276 tardus,
748 241 764 267 et
775 244 811 268 non
825 233 882 281 facilis

149 288 242 326 invenitur.
257 289 294 333 Qui
307 290 374 327 etenim
387 290 473 327 ueraciter
487 299 513 326 est
531 289 603 327 humilis
621 303 690 339 semper
704 291 794 339 propriam
808 291 882 329 inh'rmi·

148 356 201 384 tatem
218 348 324 395 considerat,
334 357 351 385 et
360 358 426 398 quanta
440 350 553 386 commiserat
567 349 604 397 ipse
615 359 676 387 contra
684 349 718 386 Dei
731 349 816 386 iustitiam
830 350 882 397 mala,

148 408 212 444 tacitus
222 407 319 445 inocculto
331 419 398 457 pensat.
414 408 461 445 Hinc
470 407 546 445 aliorum
557 407 601 446 facta
614 408 741 458 reprehendere
751 408 801 446 valde
810 410 881 455 metuit,

149 468 233 515 quoniam
247 481 265 505 sc
278 477 400 516 peccatorem,
415 477 431 504 et
449 478 543 516 propterea
562 468 639 505 iudicare
659 467 703 505 alios
721 468 813 518 indignum
832 481 881 507 reco-

148 528 224 575 gnoscit.
242 527 373 565 Monachotum
387 527 484 575 praelatos,
499 536 550 576 atque
564 537 641 565 rectores
655 525 675 563 ah
689 527 720 564 hac
733 540 796 564 norma
809 527 882 565 humili-

148 586 189 622 tatis
199 599 230 636 pro
240 597 289 624 tanto
301 587 406 636 excipimus,
416 598 449 636 pro
458 595 526 635 quanto
536 599 566 623 eos
576 585 613 624 fore
623 585 710 635 obligatos
719 586 740 623 ad
751 587 881 624 correctionem

148 645 260 683 subditorum
274 647 346 683 scinms.

194 705 294 753 Septimum
307 718 358 743 verae
372 705 477 743 humilitatis
491 706 569 755 signum,
581 706 707 754 correptiones,
718 715 734 743 et
748 706 880 744 emendationes

148 778 179 813 pro
191 765 253 814 culpis,
262 777 280 804 et
288 766 402 816 negligentiis
415 766 452 802 suis
466 764 541 803 libenter
554 766 638 815 suscipit;
654 775 671 802 et
683 765 734 803 nullo
748 775 810 803 contra
822 779 880 814 repre-

147 824 254 862 hendentem
263 839 286 865 ,se
300 824 361 862 dolore
376 826 475 862 arnmescit.
490 825 566 869 Quoties
580 837 622 862 ueto
635 824 708 862 luunilis
721 824 741 862 ab
755 825 816 875 aliquo
828 826 881 862 corri-

147 885 201 932 pitur,
212 898 253 922 cum
265 885 355 933 Propheta
369 886 387 922 in
400 886 463 932 spiritu
477 885 553 922 laetatur
566 885 635 924 dicens:
649 885 738 933 Corripiat
751 898 779 922 me
792 886 849 922 iustus
862 886 880 922 in

146 944 273 989 misericordia,
283 955 300 982 et
309 944 407 994 increpabit
420 958 458 983 me:
473 944 533 982 oleum
546 955 604 982 autem
619 945 718 993 peccatoris
731 958 767 982 non
780 945 881 994 impinguet

147 1016 199 1054 caput
213 1018 279 1043 meum,
297 1006 324 1042 De
337 1004 418 1054 superbis
432 1018 475 1042 vero
490 1004 532 1042 dicit
545 1005 642 1053 scriptura:
657 1004 739 1042 Oderunt
753 1005 880 1052 corripientem

146 1065 165 1101 in
178 1073 234 1114 porta.
249 1064 286 1108 Qui
299 1077 340 1101 uere
354 1063 427 1101 humilis
441 1073 473 1109 est,
488 1064 614 1112 corripientem
624 1077 642 1100 se
654 1063 717 1112 diligit,
727 1063 827 1100 adulantem
837 1076 880 1101 vero

146 1124 197 1171 fugit.
211 1123 299 1160 Octavum
310 1136 362 1160 uerae
371 1122 477 1159 humilitatis
487 1122 571 1159 indicimn
585 1121 678 1160 manifeste
692 1122 798 1168 ostenditur,
809 1122 880 1171 quando

147 1192 238 1232 correptus
252 1183 322 1232 culpam
332 1196 368 1220 non
378 1182 464 1228 defendit,
475 1195 511 1220 non
524 1192 583 1231 negat,
593 1195 629 1220 non
640 1182 705 1231 palliat,
716 1195 752 1219 non
761 1192 838 1228 excusat,
849 1181 880 1219 sed

145 1242 222 1291 simplici
234 1243 342 1280 verecundia
356 1241 456 1280 confitetur.
471 1242 569 1280 Monachus
578 1255 619 1279 uere
628 1242 708 1286 lnuniliS,
722 1242 764 1278 dum
778 1241 878 1290 corripitur,

145 1313 181 1338 non
199 1310 309 1347 murmurat,
323 1314 342 1337 se
356 1313 458 1338 mensuram
472 1301 566 1351 aequitatis
583 1302 679 1338 excessisse
692 1314 728 1338 nou
742 1301 836 1346 reclamat,-
848 1300 879 1337 sed

146 1373 188 1397 mox
204 1361 267 1398 cadens
281 1362 378 1397 interram
397 1357 461 1398 coram
475 1360 533 1397 iudice
548 1361 692 1398 mansuetissime
706 1361 780 1398 clamat:
794 1361 878 1404 Peccavi,

145 1419 215 1468 culpam
228 1420 289 1463 fitteor,
303 1420 373 1457 veniam
388 1432 456 1468 precor,
470 1419 564 1457 emendam
578 1419 670 1467 polliceor.
683 1420 756 1457 Nonum
770 1420 878 1457 monasticae

144 1479 250 1516 humilitatis
269 1478 356 1516 indicium
373 1477 468 1515 habentem
486 1478 528 1515 facit
547 1479 710 1529 eloquioanitem,
723 1478 802 1524 dulcem3
816 1479 878 1516 ruode-

144 1549 227 1587 stumque
241 1549 258 1575 et
271 1540 289 1575 in
302 1550 346 1575 uoce
366 1551 402 1575 non
422 1537 527 1574 clamosum.
546 1538 667 1583 Monachum,
684 1551 737 1587 quem
754 1538 771 1574 in
788 1537 877 1587 loquendo

144 1598 253 1643 clamosum,
268 1608 285 1635 et
301 1597 416 1645 praecipitem
429 1597 517 1643 videritis,
530 1610 567 1634 non
584 1597 680 1641 humilem,
694 1597 724 1633 sed
738 1595 845 1646 superbum,
860 1608 877 1633 et

143 1657 258 1694 temerarium
274 1655 380 1693 iudicabitis.
397 1656 475 1693 Humilis
489 1667 547 1693 autem
566 1656 654 1700 modeste,
668 1666 685 1693 et
699 1657 748 1705 quasi
761 1655 792 1693 sub
806 1656 877 1694 silentio

143 1716 233 1766 loquitur,
246 1727 262 1753 et
275 1728 346 1764 semper
359 1715 419 1753 audire
433 1716 515 1764 paratior,
529 1728 582 1764 quam
595 1716 644 1765 loqui
658 1728 717 1753 coram
731 1715 768 1752 aliis
782 1716 876 1752 inuenitur.

142 1775 204 1824 Turpe
213 1785 239 1812 est
249 1776 338 1813 morucho
352 1787 416 1812 vocem
429 1775 505 1811 nimium
519 1775 602 1822 exaltare,
612 1775 653 1812 dum
667 1774 753 1824 loquitur:
767 1775 832 1824 quippe
847 1776 877 1824 qui

143 1835 210 1872 minido
224 1834 318 1871 crucifixus
331 1846 391 1870 amare
405 1833 496 1870 silentium
510 1833 587 1872 iubetut

188 1895 284 1931 Decimum
302 1893 390 1942 perlectae
409 1893 514 1931 humilitatis
530 1894 615 1931 indicium
629 1894 657 1931 ille
671 1894 759 1943 possidet,
772 1893 802 1942 qui
816 1893 876 1931 omnia

142 1965 263 2002 quaecumque
276 1951 352 1989 audierit
362 1951 383 1988 de
392 1952 480 2000 proximo,
490 1952 601 2001 interpretari
611 1953 632 1990 ad
642 1953 735 1990 meliorem
745 1963 813 2001 partem
824 1951 874 1989 solet.

141 2012 189 2049 Dicit
209 2013 256 2050 enim
275 2011 358 2049 Salvator
377 2020 439 2048 noster
451 2012 470 2048 in
483 2011 547 2049 Sancto
561 2012 665 2061 Evangelio:
678 2011 738 2049 Nolite
755 2011 844 2057 iudicare,
859 2022 876 2048 et

141 2083 177 2108 non
190 2070 316 2108 iudicabimini
331 2071 352 2107 Et
366 2070 443 2106 iterum:
458 2070 500 2113 Qua
513 2083 595 2108 mensura
608 2071 664 2108 mensi
682 2070 759 2114 fueritis,
773 2071 876 2107 remetietur

141 2129 196 2168 vobis.
214 2130 289 2167 Sanctus
307 2143 378 2179 quoque
392 2128 491 2178 Apostolus
506 2129 555 2167 dicit:
573 2130 634 2168 Nolite
653 2140 693 2166 ante
706 2138 776 2177 tempus
789 2129 874 2175 iudicare,

140 2189 199 2239 quoad
214 2202 269 2239 usque
278 2191 338 2226 ueniat
347 2189 443 2231 Dominus¹
454 2188 483 2237 qui
497 2197 515 2224 et
524 2187 631 2226 illuminabit
641 2188 743 2226 abscondita
756 2186 874 2232 tenebrarum,

140 2258 158 2284 et
171 2246 289 2285 manifestabit
303 2247 376 2285 consilia
391 2247 477 2285 cordium.
492 2247 521 2284 Tn
535 2248 573 2296 quis
587 2262 611 2294 es,
624 2249 654 2297 qui
668 2246 733 2284 iudicas
747 2246 824 2284 alienum
838 2260 874 2284 ser-

139 2308 194 2344 vum?
207 2307 243 2344 Suo
253 2307 333 2344 Domino
343 2316 384 2351 stat,
395 2315 425 2343 aut
439 2306 493 2343 cadit:
504 2318 540 2342 non
550 2315 609 2343 autem
619 2306 656 2344 tibi.
670 2306 791 2343 Undecimum
804 2316 874 2343 sanctae

139 2366 244 2403 humilitatis
257 2365 349 2412 indicium,
363 2365 433 2403 nullmn
448 2366 541 2402 hominem
555 2376 626 2414 propter
636 2378 751 2415 quoscunque
765 2378 847 2402 excessus
857 2367 874 2402 in

140 2424 192 2462 corde
202 2439 234 2463 suo
245 2425 328 2475 despicit:
340 2426 370 2463 sed
380 2438 444 2462 omnes
457 2423 490 2461 sibi
502 2425 600 2462 sanctitatis
613 2426 678 2462 merito
692 2425 793 2473 praeponit:
803 2425 873 2462 Omnes

139 2486 192 2522 ctiam
206 2484 328 2533 delinquentes
342 2484 423 2534 publice,
438 2484 523 2521 meliores
541 2497 559 2519 se
577 2483 615 2521 fore
633 2485 732 2530 existimat3
747 2492 764 2520 et
778 2492 873 2533 propterea

139 2544 229 2580 neminem
243 2543 356 2580 condemnat.
375 2543 424 2586 Quid
437 2543 475 2591 ipse
489 2542 552 2579 fecerit
565 2543 616 2589 mali,
630 2556 700 2593 semper
713 2543 731 2579 in
745 2543 798 2580 corde
811 2556 872 2580 secum

139 2603 213 2650 cogitem
227 2603 303 2640 aliorum
312 2615 356 2639 uero
370 2602 417 2639 bona
430 2601 572 2650 praeponderare
585 2603 621 2638 suis
634 2602 725 2639 humiliter
738 2613 805 2651 pensat.
819 2602 872 2639 Unde

138 2661 228 2699 neminem
241 2662 314 2710 spernit,
328 2662 419 2698 neminem
432 2661 531 2710 vilipendit,
545 2662 635 2699 neruinern
649 2663 754 2708 contemnit,
769 2662 800 2711 qui
813 2661 872 2700 salvos
