<?xml version="1.0" encoding="UTF-8"?>
<!DOCTYPE html PUBLIC "-//W3C//DTD XHTML 1.0 Transitional//EN"
    "http://www.w3.org/TR/xhtml1/DTD/xhtml1-transitional.dtd">
<html xmlns="http://www.w3.org/1999/xhtml" xml:lang="en" lang="en">
 <head>
  <title>
</title>
<meta http-equiv="Content-Type" content="text/html;charset=utf-8" />
  <meta name='ocr-system' content='tesseract 3.04.00' />
  <meta name='ocr-capabilities' content='ocr_page ocr_carea ocr_par ocr_line ocrx_word'/>
</head>
<body>
  <div class='ocr_page' id='page_1' title='image "MN5032ucmf_2_0264.png"; bbox 0 0 1968 3023; ppageno 0'>
   <div class='ocr_carea' id='block_1_1' title="bbox 72 294 161 563">
    <p class='ocr_par' dir='ltr' id='par_1_1' title="bbox 72 294 161 563">
     <span class='ocr_line' id='line_1_1' title="bbox 96 294 161 320; baseline 0 0"><span class='ocrx_word' id='word_1_1' title='bbox 96 294 161 320; x_wconf 73' lang='lat' dir='ltr'>Advocati</span> 
     </span>
     <span class='ocr_line' id='line_1_2' title="bbox 73 335 160 363; baseline 0 -9"><span class='ocrx_word' id='word_1_2' title='bbox 73 335 160 363; x_wconf 80' lang='lat' dir='ltr'>apostatarum</span> 
     </span>
     <span class='ocr_line' id='line_1_3' title="bbox 72 364 160 390; baseline -0.011 -1"><span class='ocrx_word' id='word_1_3' title='bbox 72 364 85 389; x_wconf 90' lang='lat' dir='ltr'>in</span> <span class='ocrx_word' id='word_1_4' title='bbox 98 364 117 390; x_wconf 86' lang='lat' dir='ltr'>die</span> <span class='ocrx_word' id='word_1_5' title='bbox 128 364 160 390; x_wconf 87' lang='lat' dir='ltr'>indi·</span> 
     </span>
     <span class='ocr_line' id='line_1_4' title="bbox 72 398 160 424; baseline 0.011 -1"><span class='ocrx_word' id='word_1_6' title='bbox 72 399 87 423; x_wconf 87' lang='lat' dir='ltr'>cii</span> <span class='ocrx_word' id='word_1_7' title='bbox 103 398 119 424; x_wconf 86' lang='lat' dir='ltr'>de</span> <span class='ocrx_word' id='word_1_8' title='bbox 134 398 160 424; x_wconf 92' lang='lat' dir='ltr'>illi-</span> 
     </span>
     <span class='ocr_line' id='line_1_5' title="bbox 73 433 160 467; baseline 0.023 -10"><span class='ocrx_word' id='word_1_9' title='bbox 73 433 99 459; x_wconf 85' lang='lat' dir='ltr'>cito</span> <span class='ocrx_word' id='word_1_10' title='bbox 116 440 160 467; x_wconf 88' lang='lat' dir='ltr'>patro·</span> 
     </span>
     <span class='ocr_line' id='line_1_6' title="bbox 72 468 160 494; baseline 0.023 -2"><span class='ocrx_word' id='word_1_11' title='bbox 72 468 105 493; x_wconf 87' lang='lat' dir='ltr'>cinio</span> <span class='ocrx_word' id='word_1_12' title='bbox 121 469 160 494; x_wconf 84' lang='lat' dir='ltr'>rario-</span> 
     </span>
     <span class='ocr_line' id='line_1_7' title="bbox 73 503 161 529; baseline 0.011 -2"><span class='ocrx_word' id='word_1_13' title='bbox 73 510 108 528; x_wconf 89' lang='lat' dir='ltr'>nem</span> <span class='ocrx_word' id='word_1_14' title='bbox 125 503 161 529; x_wconf 51' lang='lat' dir='ltr'>red*</span> 
     </span>
     <span class='ocr_line' id='line_1_8' title="bbox 72 537 107 563; baseline 0.029 -1"><span class='ocrx_word' id='word_1_15' title='bbox 72 537 107 563; x_wconf 88' lang='lat' dir='ltr'>dem.</span> 
     </span>
    </p>
   </div>
   <div class='ocr_carea' id='block_1_2' title="bbox 71 779 160 979">
    <p class='ocr_par' dir='ltr' id='par_1_2' title="bbox 71 779 160 979">
     <span class='ocr_line' id='line_1_9' title="bbox 96 779 160 806; baseline -0.016 -1"><span class='ocrx_word' id='word_1_16' title='bbox 96 779 160 806; x_wconf 82' lang='lat' dir='ltr'>Advocati</span> 
     </span>
     <span class='ocr_line' id='line_1_10' title="bbox 71 814 160 848; baseline 0.011 -9"><span class='ocrx_word' id='word_1_17' title='bbox 71 814 160 848; x_wconf 83' lang='lat' dir='ltr'>pravorumin</span> 
     </span>
     <span class='ocr_line' id='line_1_11' title="bbox 73 849 160 875; baseline -0.011 -1"><span class='ocrx_word' id='word_1_18' title='bbox 73 850 103 874; x_wconf 86' lang='lat' dir='ltr'>Dei</span> <span class='ocrx_word' id='word_1_19' title='bbox 118 849 160 875; x_wconf 86' lang='lat' dir='ltr'>iudi-</span> 
     </span>
     <span class='ocr_line' id='line_1_12' title="bbox 72 884 160 910; baseline 0.011 -2"><span class='ocrx_word' id='word_1_20' title='bbox 72 884 92 909; x_wconf 89' lang='lat' dir='ltr'>cio</span> <span class='ocrx_word' id='word_1_21' title='bbox 105 884 160 910; x_wconf 84' lang='lat' dir='ltr'>advoca·</span> 
     </span>
     <span class='ocr_line' id='line_1_13' title="bbox 72 919 160 944; baseline 0.011 -1"><span class='ocrx_word' id='word_1_22' title='bbox 72 925 93 944; x_wconf 83' lang='lat' dir='ltr'>res</span> <span class='ocrx_word' id='word_1_23' title='bbox 102 927 129 944; x_wconf 89' lang='lat' dir='ltr'>nou</span> <span class='ocrx_word' id='word_1_24' title='bbox 138 919 160 944; x_wconf 85' lang='lat' dir='ltr'>ha·</span> 
     </span>
     <span class='ocr_line' id='line_1_14' title="bbox 72 953 126 979; baseline 0.019 -1"><span class='ocrx_word' id='word_1_25' title='bbox 72 953 126 979; x_wconf 81' lang='lat' dir='ltr'>habunt.</span> 
     </span>
    </p>
   </div>
   <div class='ocr_carea' id='block_1_3' title="bbox 78 1137 159 1170">
    <p class='ocr_par' dir='ltr' id='par_1_3' title="bbox 78 1137 159 1170">
     <span class='ocr_line' id='line_1_15' title="bbox 78 1137 159 1170; baseline 0 -8"><span class='ocrx_word' id='word_1_26' title='bbox 78 1137 132 1162; x_wconf 82' lang='lat' dir='ltr'>Denter.</span> <span class='ocrx_word' id='word_1_27' title='bbox 140 1143 159 1170; x_wconf 57' lang='lat' dir='ltr'>ati</span> 
     </span>
    </p>
   </div>
   <div class='ocr_carea' id='block_1_4' title="bbox 78 1190 133 1226">
    <p class='ocr_par' dir='ltr' id='par_1_4' title="bbox 78 1190 133 1226">
     <span class='ocr_line' id='line_1_16' title="bbox 78 1190 133 1226; baseline 0.036 -11"><span class='ocrx_word' id='word_1_28' title='bbox 78 1190 111 1217; x_wconf 85' lang='lat' dir='ltr'>Psni.</span> <span class='ocrx_word' id='word_1_29' title='bbox 121 1199 133 1226; x_wconf 87' lang='lat'>9.</span> 
     </span>
    </p>
   </div>
   <div class='ocr_carea' id='block_1_5' title="bbox 70 1304 159 2163">
    <p class='ocr_par' dir='ltr' id='par_1_5' title="bbox 71 1304 159 1642">
     <span class='ocr_line' id='line_1_17' title="bbox 90 1304 159 1331; baseline 0 -1"><span class='ocrx_word' id='word_1_30' title='bbox 90 1304 159 1331; x_wconf 88' lang='lat' dir='ltr'>Senten-</span> 
     </span>
     <span class='ocr_line' id='line_1_18' title="bbox 71 1338 159 1365; baseline 0.023 -2"><span class='ocrx_word' id='word_1_31' title='bbox 71 1338 102 1364; x_wconf 81' lang='lat' dir='ltr'>tiam</span> <span class='ocrx_word' id='word_1_32' title='bbox 114 1339 159 1365; x_wconf 84' lang='lat' dir='ltr'>duram</span> 
     </span>
     <span class='ocr_line' id='line_1_19' title="bbox 71 1374 159 1409; baseline 0 -11"><span class='ocrx_word' id='word_1_33' title='bbox 71 1374 159 1409; x_wconf 85' lang='lat' dir='ltr'>accipientqui</span> 
     </span>
     <span class='ocr_line' id='line_1_20' title="bbox 71 1409 159 1434; baseline 0 0"><span class='ocrx_word' id='word_1_34' title='bbox 71 1409 159 1434; x_wconf 85' lang='lat' dir='ltr'>consulunt</span> 
     </span>
     <span class='ocr_line' id='line_1_21' title="bbox 72 1443 159 1468; baseline 0 0"><span class='ocrx_word' id='word_1_35' title='bbox 72 1443 159 1468; x_wconf 88' lang='lat' dir='ltr'>monachis</span> 
     </span>
     <span class='ocr_line' id='line_1_22' title="bbox 71 1478 154 1511; baseline 0 -8"><span class='ocrx_word' id='word_1_36' title='bbox 71 1478 154 1511; x_wconf 71' lang='lat' dir='ltr'>apostasiam.</span> 
     </span>
     <span class='ocr_line' id='line_1_23' title="bbox 84 1513 158 1538; baseline 0 -1"><span class='ocrx_word' id='word_1_37' title='bbox 84 1513 158 1538; x_wconf 78' lang='lat' dir='ltr'>Mercedem</span> 
     </span>
     <span class='ocr_line' id='line_1_24' title="bbox 71 1547 158 1573; baseline 0 -1"><span class='ocrx_word' id='word_1_38' title='bbox 71 1547 158 1573; x_wconf 79' lang='lat' dir='ltr'>itialorum</span> 
     </span>
     <span class='ocr_line' id='line_1_25' title="bbox 71 1581 157 1617; baseline -0.012 -11"><span class='ocrx_word' id='word_1_39' title='bbox 71 1581 157 1617; x_wconf 83' lang='lat' dir='ltr'>meretur‚qui</span> 
     </span>
     <span class='ocr_line' id='line_1_26' title="bbox 71 1617 158 1642; baseline 0 0"><span class='ocrx_word' id='word_1_40' title='bbox 71 1617 113 1642; x_wconf 83' lang='lat' dir='ltr'>malos</span> <span class='ocrx_word' id='word_1_41' title='bbox 124 1617 158 1642; x_wconf 86' lang='lat' dir='ltr'>facit.</span> 
     </span>
    </p>

    <p class='ocr_par' dir='ltr' id='par_1_6' title="bbox 71 1651 158 1851">
     <span class='ocr_line' id='line_1_27' title="bbox 86 1651 158 1677; baseline 0 0"><span class='ocrx_word' id='word_1_42' title='bbox 86 1651 158 1677; x_wconf 79' lang='lat' dir='ltr'>Monachus</span> 
     </span>
     <span class='ocr_line' id='line_1_28' title="bbox 71 1686 158 1712; baseline 0 -1"><span class='ocrx_word' id='word_1_43' title='bbox 71 1686 113 1712; x_wconf 85' lang='lat' dir='ltr'>nullus</span> <span class='ocrx_word' id='word_1_44' title='bbox 119 1694 158 1712; x_wconf 83' lang='lat' dir='ltr'>asan·</span> 
     </span>
     <span class='ocr_line' id='line_1_29' title="bbox 71 1726 158 1755; baseline 0 -10"><span class='ocrx_word' id='word_1_45' title='bbox 71 1726 97 1746; x_wconf 92' lang='lat' dir='ltr'>cto</span> <span class='ocrx_word' id='word_1_46' title='bbox 109 1729 158 1755; x_wconf 86' lang='lat' dir='ltr'>propo·</span> 
     </span>
     <span class='ocr_line' id='line_1_30' title="bbox 71 1755 158 1781; baseline 0.011 -1"><span class='ocrx_word' id='word_1_47' title='bbox 71 1756 96 1780; x_wconf 87' lang='lat' dir='ltr'>sito</span> <span class='ocrx_word' id='word_1_48' title='bbox 110 1755 158 1781; x_wconf 78' lang='lat' dir='ltr'>recedit</span> 
     </span>
     <span class='ocr_line' id='line_1_31' title="bbox 71 1790 158 1825; baseline 0.011 -10"><span class='ocrx_word' id='word_1_49' title='bbox 71 1790 102 1815; x_wconf 87' lang='lat' dir='ltr'>nisi</span> <span class='ocrx_word' id='word_1_50' title='bbox 122 1798 158 1825; x_wconf 86' lang='lat' dir='ltr'>per·</span> 
     </span>
     <span class='ocr_line' id='line_1_32' title="bbox 71 1833 121 1851; baseline 0 -1"><span class='ocrx_word' id='word_1_51' title='bbox 71 1833 121 1851; x_wconf 83' lang='lat' dir='ltr'>versus.</span> 
     </span>
    </p>

    <p class='ocr_par' dir='ltr' id='par_1_7' title="bbox 70 1859 159 2163">
     <span class='ocr_line' id='line_1_33' title="bbox 96 1859 158 1885; baseline -0.016 0"><span class='ocrx_word' id='word_1_52' title='bbox 96 1859 158 1885; x_wconf 84' lang='lat' dir='ltr'>Canonici</span> 
     </span>
     <span class='ocr_line' id='line_1_34' title="bbox 71 1894 158 1920; baseline -0.011 -1"><span class='ocrx_word' id='word_1_53' title='bbox 71 1894 158 1920; x_wconf 85' lang='lat' dir='ltr'>admonachi-</span> 
     </span>
     <span class='ocr_line' id='line_1_35' title="bbox 71 1935 158 1955; baseline 0.011 -1"><span class='ocrx_word' id='word_1_54' title='bbox 71 1937 115 1954; x_wconf 83' lang='lat' dir='ltr'>sinum</span> <span class='ocrx_word' id='word_1_55' title='bbox 131 1935 158 1955; x_wconf 86' lang='lat' dir='ltr'>tau·</span> 
     </span>
     <span class='ocr_line' id='line_1_36' title="bbox 71 1963 158 1997; baseline 0 -8"><span class='ocrx_word' id='word_1_56' title='bbox 71 1972 109 1997; x_wconf 78' lang='lat' dir='ltr'>quam</span> <span class='ocrx_word' id='word_1_57' title='bbox 117 1964 133 1989; x_wconf 87' lang='lat' dir='ltr'>ad</span> <span class='ocrx_word' id='word_1_58' title='bbox 140 1963 158 1989; x_wconf 90' lang='lat' dir='ltr'>di·</span> 
     </span>
     <span class='ocr_line' id='line_1_37' title="bbox 70 2006 159 2032; baseline 0.011 -9"><span class='ocrx_word' id='word_1_59' title='bbox 70 2006 159 2032; x_wconf 76' lang='lat' dir='ltr'>grxroremsta-</span> 
     </span>
     <span class='ocr_line' id='line_1_38' title="bbox 70 2033 156 2059; baseline 0.023 -2"><span class='ocrx_word' id='word_1_60' title='bbox 70 2039 98 2058; x_wconf 88' lang='lat' dir='ltr'>tum</span> <span class='ocrx_word' id='word_1_61' title='bbox 115 2033 156 2059; x_wconf 77' lang='lat' dir='ltr'>licite</span> 
     </span>
     <span class='ocr_line' id='line_1_39' title="bbox 70 2073 159 2093; baseline 0.011 -1"><span class='ocrx_word' id='word_1_62' title='bbox 70 2073 159 2093; x_wconf 81' lang='lat' dir='ltr'>transeunt:</span> 
     </span>
     <span class='ocr_line' id='line_1_40' title="bbox 71 2109 158 2128; baseline 0.011 -1"><span class='ocrx_word' id='word_1_63' title='bbox 71 2111 97 2127; x_wconf 75' lang='lat' dir='ltr'>riori</span> <span class='ocrx_word' id='word_1_64' title='bbox 116 2109 158 2128; x_wconf 83' lang='lat' dir='ltr'>antem</span> 
     </span>
     <span class='ocr_line' id='line_1_41' title="bbox 70 2144 137 2163; baseline 0.015 -1"><span class='ocrx_word' id='word_1_65' title='bbox 70 2144 137 2163; x_wconf 81' lang='lat' dir='ltr'>econtra.</span> 
     </span>
    </p>
   </div>
   <div class='ocr_carea' id='block_1_6' title="bbox 182 150 727 195">
    <p class='ocr_par' dir='ltr' id='par_1_8' title="bbox 182 150 727 195">
     <span class='ocr_line' id='line_1_42' title="bbox 182 150 727 195; baseline 0.007 -11"><span class='ocrx_word' id='word_1_66' title='bbox 182 160 216 195; x_wconf 83' lang='lat'>252</span> <span class='ocrx_word' id='word_1_67' title='bbox 257 172 258 175; x_wconf 60' lang='lat'><em>=</em></span> <span class='ocrx_word' id='word_1_68' title='bbox 373 150 400 187; x_wconf 80' lang='lat' dir='ltr'>Da</span> <span class='ocrx_word' id='word_1_69' title='bbox 412 156 457 187; x_wconf 83' lang='lat' dir='ltr'>stata</span> <span class='ocrx_word' id='word_1_70' title='bbox 470 156 485 187; x_wconf 83' lang='lat' dir='ltr'>et</span> <span class='ocrx_word' id='word_1_71' title='bbox 500 151 550 188; x_wconf 69' lang='lat' dir='ltr'>tatiana</span> <span class='ocrx_word' id='word_1_72' title='bbox 562 150 648 188; x_wconf 79' lang='lat' dir='ltr'><em>monastici</em></span> <span class='ocrx_word' id='word_1_73' title='bbox 660 150 727 188; x_wconf 77' lang='lat' dir='ltr'>ordinis.</span> 
     </span>
    </p>
   </div>
   <div class='ocr_carea' id='block_1_7' title="bbox 178 228 961 2477">
    <p class='ocr_par' dir='ltr' id='par_1_9' title="bbox 178 228 961 2477">
     <span class='ocr_line' id='line_1_43' title="bbox 182 228 919 280; baseline 0.004 -16"><span class='ocrx_word' id='word_1_74' title='bbox 182 238 201 264; x_wconf 92' lang='lat' dir='ltr'>nt</span> <span class='ocrx_word' id='word_1_75' title='bbox 214 228 324 266; x_wconf 89' lang='lat' dir='ltr'>Monasteria</span> <span class='ocrx_word' id='word_1_76' title='bbox 333 230 400 267; x_wconf 87' lang='lat' dir='ltr'>Sancto</span> <span class='ocrx_word' id='word_1_77' title='bbox 409 229 507 268; x_wconf 90' lang='lat' dir='ltr'>Benedicto</span> <span class='ocrx_word' id='word_1_78' title='bbox 521 230 663 279; x_wconf 69' lang='lat' dir='ltr'>aeternaequae</span> <span class='ocrx_word' id='word_1_79' title='bbox 677 231 735 267; x_wconf 93' lang='lat' dir='ltr'>devoti</span> <span class='ocrx_word' id='word_1_80' title='bbox 749 230 840 280; x_wconf 88' lang='lat' dir='ltr'>quondam</span> <span class='ocrx_word' id='word_1_81' title='bbox 854 243 919 267; x_wconf 87' lang='lat' dir='ltr'>eorum</span> 
     </span>
     <span class='ocr_line' id='line_1_44' title="bbox 181 287 919 339; baseline 0.003 -16"><span class='ocrx_word' id='word_1_82' title='bbox 181 287 306 336; x_wconf 81' lang='lat' dir='ltr'>progenitores</span> <span class='ocrx_word' id='word_1_83' title='bbox 320 288 346 325; x_wconf 91' lang='lat' dir='ltr'>illi</span> <span class='ocrx_word' id='word_1_84' title='bbox 360 298 505 327; x_wconf 87' lang='lat' dir='ltr'>construxerunt.</span> <span class='ocrx_word' id='word_1_85' title='bbox 519 290 557 327; x_wconf 86' lang='lat' dir='ltr'>Vae</span> <span class='ocrx_word' id='word_1_86' title='bbox 569 288 608 333; x_wconf 88' lang='lat' dir='ltr'>tibi,</span> <span class='ocrx_word' id='word_1_87' title='bbox 617 289 706 327; x_wconf 86' lang='lat' dir='ltr'>Monache</span> <span class='ocrx_word' id='word_1_88' title='bbox 719 301 810 337; x_wconf 88' lang='lat' dir='ltr'>perverse,</span> <span class='ocrx_word' id='word_1_89' title='bbox 821 291 851 339; x_wconf 93' lang='lat' dir='ltr'>qui</span> <span class='ocrx_word' id='word_1_90' title='bbox 860 288 919 326; x_wconf 88' lang='lat' dir='ltr'>ordini</span> 
     </span>
     <span class='ocr_line' id='line_1_45' title="bbox 182 347 943 398; baseline 0.001 -16"><span class='ocrx_word' id='word_1_91' title='bbox 182 356 248 384; x_wconf 90' lang='lat' dir='ltr'>tantam</span> <span class='ocrx_word' id='word_1_92' title='bbox 261 349 361 396; x_wconf 81' lang='lat' dir='ltr'>praesumis</span> <span class='ocrx_word' id='word_1_93' title='bbox 374 347 441 386; x_wconf 87' lang='lat' dir='ltr'>inferre</span> <span class='ocrx_word' id='word_1_94' title='bbox 455 348 590 394; x_wconf 89' lang='lat' dir='ltr'>contumeliam,</span> <span class='ocrx_word' id='word_1_95' title='bbox 601 359 620 385; x_wconf 89' lang='lat' dir='ltr'>ut</span> <span class='ocrx_word' id='word_1_96' title='bbox 634 347 719 386; x_wconf 89' lang='lat' dir='ltr'>coenobia</span> <span class='ocrx_word' id='word_1_97' title='bbox 732 347 818 392; x_wconf 81' lang='lat' dir='ltr'>destruas,</span> <span class='ocrx_word' id='word_1_98' title='bbox 829 361 873 398; x_wconf 84' lang='lat' dir='ltr'>quae</span> <span class='ocrx_word' id='word_1_99' title='bbox 886 360 920 384; x_wconf 89' lang='lat' dir='ltr'>nec</span> <span class='ocrx_word' id='word_1_100' title='bbox 942 359 943 362; x_wconf 50' lang='lat'>¹</span> 
     </span>
     <span class='ocr_line' id='line_1_46' title="bbox 181 406 920 457; baseline 0.003 -16"><span class='ocrx_word' id='word_1_101' title='bbox 181 414 207 452; x_wconf 87' lang='lat' dir='ltr'>tu,</span> <span class='ocrx_word' id='word_1_102' title='bbox 216 419 248 443; x_wconf 87' lang='lat' dir='ltr'>nec</span> <span class='ocrx_word' id='word_1_103' title='bbox 261 418 344 456; x_wconf 85' lang='lat' dir='ltr'>parentes</span> <span class='ocrx_word' id='word_1_104' title='bbox 357 408 383 444; x_wconf 88' lang='lat' dir='ltr'>tui</span> <span class='ocrx_word' id='word_1_105' title='bbox 397 408 506 446; x_wconf 79' lang='lat' dir='ltr'>extraxistis.</span> <span class='ocrx_word' id='word_1_106' title='bbox 519 409 558 445; x_wconf 85' lang='lat' dir='ltr'>Vae</span> <span class='ocrx_word' id='word_1_107' title='bbox 570 406 603 444; x_wconf 92' lang='lat' dir='ltr'>tibi</span> <span class='ocrx_word' id='word_1_108' title='bbox 616 408 675 454; x_wconf 88' lang='lat' dir='ltr'>etiam,</span> <span class='ocrx_word' id='word_1_109' title='bbox 685 408 715 456; x_wconf 90' lang='lat' dir='ltr'>qui</span> <span class='ocrx_word' id='word_1_110' title='bbox 728 406 779 444; x_wconf 89' lang='lat' dir='ltr'>malis</span> <span class='ocrx_word' id='word_1_111' title='bbox 792 406 846 444; x_wconf 90' lang='lat' dir='ltr'>rebus</span> <span class='ocrx_word' id='word_1_112' title='bbox 860 418 920 457; x_wconf 84' lang='lat' dir='ltr'>patro-</span> 
     </span>
     <span class='ocr_line' id='line_1_47' title="bbox 183 465 919 517; baseline 0.003 -16"><span class='ocrx_word' id='word_1_113' title='bbox 183 465 249 503; x_wconf 89' lang='lat' dir='ltr'>cinium</span> <span class='ocrx_word' id='word_1_114' title='bbox 263 479 325 504; x_wconf 85' lang='lat' dir='ltr'>contra</span> <span class='ocrx_word' id='word_1_115' title='bbox 338 468 407 515; x_wconf 81' lang='lat' dir='ltr'>Deum,</span> <span class='ocrx_word' id='word_1_116' title='bbox 421 467 522 505; x_wconf 81' lang='lat' dir='ltr'>et&#39;sanctos</span> <span class='ocrx_word' id='word_1_117' title='bbox 536 469 573 505; x_wconf 88' lang='lat' dir='ltr'>eins</span> <span class='ocrx_word' id='word_1_118' title='bbox 586 477 675 516; x_wconf 81' lang='lat' dir='ltr'>praestas,</span> <span class='ocrx_word' id='word_1_119' title='bbox 689 469 719 517; x_wconf 91' lang='lat' dir='ltr'>qui</span> <span class='ocrx_word' id='word_1_120' title='bbox 732 477 750 505; x_wconf 92' lang='lat' dir='ltr'>te</span> <span class='ocrx_word' id='word_1_121' title='bbox 762 468 841 516; x_wconf 87' lang='lat' dir='ltr'>peccatis</span> <span class='ocrx_word' id='word_1_122' title='bbox 857 467 919 505; x_wconf 86' lang='lat' dir='ltr'>alienis</span> 
     </span>
     <span class='ocr_line' id='line_1_48' title="bbox 181 525 919 578; baseline 0.004 -17"><span class='ocrx_word' id='word_1_123' title='bbox 181 525 264 573; x_wconf 84' lang='lat' dir='ltr'>involvis,</span> <span class='ocrx_word' id='word_1_124' title='bbox 279 527 309 576; x_wconf 89' lang='lat' dir='ltr'>qui</span> <span class='ocrx_word' id='word_1_125' title='bbox 322 527 402 576; x_wconf 86' lang='lat' dir='ltr'>lingnam</span> <span class='ocrx_word' id='word_1_126' title='bbox 416 526 483 571; x_wconf 91' lang='lat' dir='ltr'>vendis,</span> <span class='ocrx_word' id='word_1_127' title='bbox 493 529 523 576; x_wconf 89' lang='lat' dir='ltr'>qui</span> <span class='ocrx_word' id='word_1_128' title='bbox 536 540 569 577; x_wconf 88' lang='lat' dir='ltr'>pro</span> <span class='ocrx_word' id='word_1_129' title='bbox 582 528 613 565; x_wconf 90' lang='lat' dir='ltr'>vili</span> <span class='ocrx_word' id='word_1_130' title='bbox 627 528 684 578; x_wconf 90' lang='lat' dir='ltr'>pretio</span> <span class='ocrx_word' id='word_1_131' title='bbox 698 528 840 577; x_wconf 77' lang='lat' dir='ltr'>indignationem</span> <span class='ocrx_word' id='word_1_132' title='bbox 849 529 891 574; x_wconf 88' lang='lat' dir='ltr'>Dei,</span> <span class='ocrx_word' id='word_1_133' title='bbox 901 536 919 564; x_wconf 91' lang='lat' dir='ltr'>et</span> 
     </span>
     <span class='ocr_line' id='line_1_49' title="bbox 181 586 918 637; baseline 0.003 -16"><span class='ocrx_word' id='word_1_134' title='bbox 181 586 263 623; x_wconf 88' lang='lat' dir='ltr'>omnium</span> <span class='ocrx_word' id='word_1_135' title='bbox 272 596 376 624; x_wconf 85' lang='lat' dir='ltr'>sanctorum</span> <span class='ocrx_word' id='word_1_136' title='bbox 385 588 468 625; x_wconf 88' lang='lat' dir='ltr'>incurris.</span> <span class='ocrx_word' id='word_1_137' title='bbox 478 588 516 625; x_wconf 91' lang='lat' dir='ltr'>Vae</span> <span class='ocrx_word' id='word_1_138' title='bbox 525 587 564 634; x_wconf 87' lang='lat' dir='ltr'>tibi,</span> <span class='ocrx_word' id='word_1_139' title='bbox 573 588 652 637; x_wconf 83' lang='lat' dir='ltr'>inquam,</span> <span class='ocrx_word' id='word_1_140' title='bbox 659 587 788 625; x_wconf 91' lang='lat' dir='ltr'>monachornm</span> <span class='ocrx_word' id='word_1_141' title='bbox 799 587 918 636; x_wconf 89' lang='lat' dir='ltr'>reproborum</span> 
     </span>
     <span class='ocr_line' id='line_1_50' title="bbox 181 645 918 696; baseline 0.003 -15"><span class='ocrx_word' id='word_1_142' title='bbox 181 645 272 691; x_wconf 85' lang='lat' dir='ltr'>advocate,</span> <span class='ocrx_word' id='word_1_143' title='bbox 285 647 316 695; x_wconf 90' lang='lat' dir='ltr'>qui</span> <span class='ocrx_word' id='word_1_144' title='bbox 329 647 368 684; x_wconf 89' lang='lat' dir='ltr'>Deo</span> <span class='ocrx_word' id='word_1_145' title='bbox 382 646 425 683; x_wconf 87' lang='lat' dir='ltr'>facis</span> <span class='ocrx_word' id='word_1_146' title='bbox 439 646 528 692; x_wconf 88' lang='lat' dir='ltr'>iniuriam,</span> <span class='ocrx_word' id='word_1_147' title='bbox 543 647 573 696; x_wconf 90' lang='lat' dir='ltr'>qui</span> <span class='ocrx_word' id='word_1_148' title='bbox 586 656 657 685; x_wconf 89' lang='lat' dir='ltr'>sanctos</span> <span class='ocrx_word' id='word_1_149' title='bbox 671 647 709 684; x_wconf 92' lang='lat' dir='ltr'>eius</span> <span class='ocrx_word' id='word_1_150' title='bbox 721 659 774 696; x_wconf 89' lang='lat' dir='ltr'>opere</span> <span class='ocrx_word' id='word_1_151' title='bbox 784 646 875 684; x_wconf 64' lang='lat' dir='ltr'>‘scelerato</span> <span class='ocrx_word' id='word_1_152' title='bbox 889 645 918 683; x_wconf 90' lang='lat' dir='ltr'>de-</span> 
     </span>
     <span class='ocr_line' id='line_1_51' title="bbox 181 703 918 756; baseline 0 -15"><span class='ocrx_word' id='word_1_153' title='bbox 181 703 233 751; x_wconf 72' lang='lat' dir='ltr'>rides,</span> <span class='ocrx_word' id='word_1_154' title='bbox 243 706 273 754; x_wconf 87' lang='lat' dir='ltr'>qni</span> <span class='ocrx_word' id='word_1_155' title='bbox 283 707 310 742; x_wconf 89' lang='lat' dir='ltr'>ius</span> <span class='ocrx_word' id='word_1_156' title='bbox 320 706 415 756; x_wconf 88' lang='lat' dir='ltr'>aequitatis</span> <span class='ocrx_word' id='word_1_157' title='bbox 425 706 508 755; x_wconf 86' lang='lat' dir='ltr'>abnegas,</span> <span class='ocrx_word' id='word_1_158' title='bbox 517 707 547 756; x_wconf 90' lang='lat' dir='ltr'>qni</span> <span class='ocrx_word' id='word_1_159' title='bbox 556 707 654 744; x_wconf 90' lang='lat' dir='ltr'>monachos</span> <span class='ocrx_word' id='word_1_160' title='bbox 664 707 686 743; x_wconf 93' lang='lat' dir='ltr'>ad</span> <span class='ocrx_word' id='word_1_161' title='bbox 695 706 775 744; x_wconf 90' lang='lat' dir='ltr'>seculum</span> <span class='ocrx_word' id='word_1_162' title='bbox 788 705 846 743; x_wconf 90' lang='lat' dir='ltr'>redire</span> <span class='ocrx_word' id='word_1_163' title='bbox 854 704 918 750; x_wconf 90' lang='lat' dir='ltr'>verbis,</span> 
     </span>
     <span class='ocr_line' id='line_1_52' title="bbox 181 763 918 816; baseline 0.001 -16"><span class='ocrx_word' id='word_1_164' title='bbox 181 773 198 800; x_wconf 91' lang='lat' dir='ltr'>et</span> <span class='ocrx_word' id='word_1_165' title='bbox 218 763 268 801; x_wconf 86' lang='lat' dir='ltr'>factis</span> <span class='ocrx_word' id='word_1_166' title='bbox 289 765 395 802; x_wconf 84' lang='lat' dir='ltr'>cohortaris.</span> <span class='ocrx_word' id='word_1_167' title='bbox 414 766 431 803; x_wconf 89' lang='lat' dir='ltr'>O</span> <span class='ocrx_word' id='word_1_168' title='bbox 450 765 492 814; x_wconf 91' lang='lat' dir='ltr'>quid</span> <span class='ocrx_word' id='word_1_169' title='bbox 509 765 625 816; x_wconf 87' lang='lat' dir='ltr'>respondebis</span> <span class='ocrx_word' id='word_1_170' title='bbox 643 766 762 815; x_wconf 81' lang='lat' dir='ltr'>omnipotenti</span> <span class='ocrx_word' id='word_1_171' title='bbox 779 766 829 809; x_wconf 87' lang='lat' dir='ltr'>Deo,</span> <span class='ocrx_word' id='word_1_172' title='bbox 847 764 918 815; x_wconf 84' lang='lat' dir='ltr'>quando</span> 
     </span>
     <span class='ocr_line' id='line_1_53' title="bbox 182 824 918 875; baseline 0.003 -15"><span class='ocrx_word' id='word_1_173' title='bbox 182 824 263 860; x_wconf 91' lang='lat' dir='ltr'>omnium</span> <span class='ocrx_word' id='word_1_174' title='bbox 277 837 287 860; x_wconf 89' lang='lat' dir='ltr'>a</span> <span class='ocrx_word' id='word_1_175' title='bbox 299 834 316 861; x_wconf 87' lang='lat' dir='ltr'>te</span> <span class='ocrx_word' id='word_1_176' title='bbox 330 824 376 862; x_wconf 91' lang='lat' dir='ltr'>ratio</span> <span class='ocrx_word' id='word_1_177' title='bbox 389 834 463 862; x_wconf 89' lang='lat' dir='ltr'>tuorum</span> <span class='ocrx_word' id='word_1_178' title='bbox 477 837 553 873; x_wconf 90' lang='lat' dir='ltr'>operum</span> <span class='ocrx_word' id='word_1_179' title='bbox 571 826 660 874; x_wconf 80' lang='lat' dir='ltr'>exigetur,</span> <span class='ocrx_word' id='word_1_180' title='bbox 675 825 746 875; x_wconf 85' lang='lat' dir='ltr'>quando</span> <span class='ocrx_word' id='word_1_181' title='bbox 759 839 769 862; x_wconf 82' lang='lat' dir='ltr'>a</span> <span class='ocrx_word' id='word_1_182' title='bbox 781 825 798 863; x_wconf 88' lang='lat' dir='ltr'>S.</span> <span class='ocrx_word' id='word_1_183' title='bbox 812 825 918 870; x_wconf 86' lang='lat' dir='ltr'>Benedicto,</span> 
     </span>
     <span class='ocr_line' id='line_1_54' title="bbox 181 882 918 929; baseline 0.003 -12"><span class='ocrx_word' id='word_1_184' title='bbox 181 882 228 920; x_wconf 88' lang='lat' dir='ltr'>velut</span> <span class='ocrx_word' id='word_1_185' title='bbox 246 882 313 920; x_wconf 88' lang='lat' dir='ltr'>ordinis</span> <span class='ocrx_word' id='word_1_186' title='bbox 332 884 359 921; x_wconf 91' lang='lat' dir='ltr'>sui</span> <span class='ocrx_word' id='word_1_187' title='bbox 377 883 478 922; x_wconf 88' lang='lat' dir='ltr'>destructor</span> <span class='ocrx_word' id='word_1_188' title='bbox 496 882 617 921; x_wconf 80' lang='lat' dir='ltr'>accusaberis?</span> <span class='ocrx_word' id='word_1_189' title='bbox 630 884 679 929; x_wconf 89' lang='lat' dir='ltr'>Quid</span> <span class='ocrx_word' id='word_1_190' title='bbox 696 893 739 921; x_wconf 89' lang='lat' dir='ltr'>tnnc</span> <span class='ocrx_word' id='word_1_191' title='bbox 755 883 865 922; x_wconf 80' lang='lat' dir='ltr'>accusationi</span> <span class='ocrx_word' id='word_1_192' title='bbox 879 895 918 920; x_wconf 85' lang='lat' dir='ltr'>san-</span> 
     </span>
     <span class='ocr_line' id='line_1_55' title="bbox 180 941 918 993; baseline 0.001 -15"><span class='ocrx_word' id='word_1_193' title='bbox 180 952 250 979; x_wconf 90' lang='lat' dir='ltr'>ctorum</span> <span class='ocrx_word' id='word_1_194' title='bbox 263 941 349 981; x_wconf 90' lang='lat' dir='ltr'>obiicies?</span> <span class='ocrx_word' id='word_1_195' title='bbox 358 943 409 988; x_wconf 91' lang='lat' dir='ltr'>Quid</span> <span class='ocrx_word' id='word_1_196' title='bbox 422 943 550 993; x_wconf 82' lang='lat' dir='ltr'>respondebis?</span> <span class='ocrx_word' id='word_1_197' title='bbox 559 944 658 988; x_wconf 90' lang='lat' dir='ltr'>Quomodo</span> <span class='ocrx_word' id='word_1_198' title='bbox 671 953 689 980; x_wconf 89' lang='lat' dir='ltr'>te</span> <span class='ocrx_word' id='word_1_199' title='bbox 702 942 805 981; x_wconf 79' lang='lat' dir='ltr'>excusabis?</span> <span class='ocrx_word' id='word_1_200' title='bbox 819 944 866 988; x_wconf 85' lang='lat' dir='ltr'>Quis</span> <span class='ocrx_word' id='word_1_201' title='bbox 880 954 918 980; x_wconf 90' lang='lat' dir='ltr'>ora-</span> 
     </span>
     <span class='ocr_line' id='line_1_56' title="bbox 180 1002 917 1053; baseline -0.001 -14"><span class='ocrx_word' id='word_1_202' title='bbox 180 1003 248 1040; x_wconf 88' lang='lat' dir='ltr'>tionem</span> <span class='ocrx_word' id='word_1_203' title='bbox 261 1003 283 1040; x_wconf 89' lang='lat' dir='ltr'>ad</span> <span class='ocrx_word' id='word_1_204' title='bbox 296 1003 375 1049; x_wconf 88' lang='lat' dir='ltr'>iudicem</span> <span class='ocrx_word' id='word_1_205' title='bbox 388 1004 488 1042; x_wconf 88' lang='lat' dir='ltr'>districtum</span> <span class='ocrx_word' id='word_1_206' title='bbox 502 1017 534 1053; x_wconf 89' lang='lat' dir='ltr'>pro</span> <span class='ocrx_word' id='word_1_207' title='bbox 546 1003 651 1042; x_wconf 80' lang='lat' dir='ltr'>liberatione</span> <span class='ocrx_word' id='word_1_208' title='bbox 663 1004 691 1040; x_wconf 91' lang='lat' dir='ltr'>tui</span> <span class='ocrx_word' id='word_1_209' title='bbox 702 1004 794 1040; x_wconf 87' lang='lat' dir='ltr'>habiturus</span> <span class='ocrx_word' id='word_1_210' title='bbox 808 1004 846 1040; x_wconf 89' lang='lat' dir='ltr'>est?</span> <span class='ocrx_word' id='word_1_211' title='bbox 857 1002 917 1046; x_wconf 86' lang='lat' dir='ltr'>Quem</span> 
     </span>
     <span class='ocr_line' id='line_1_57' title="bbox 180 1062 918 1114; baseline -0.001 -15"><span class='ocrx_word' id='word_1_212' title='bbox 180 1062 287 1101; x_wconf 86' lang='lat' dir='ltr'>advocatum</span> <span class='ocrx_word' id='word_1_213' title='bbox 303 1074 347 1102; x_wconf 89' lang='lat' dir='ltr'>tnnc</span> <span class='ocrx_word' id='word_1_214' title='bbox 365 1063 430 1101; x_wconf 85' lang='lat' dir='ltr'>habere</span> <span class='ocrx_word' id='word_1_215' title='bbox 448 1065 527 1114; x_wconf 59' lang='lat' dir='ltr'>potera,</span> <span class='ocrx_word' id='word_1_216' title='bbox 543 1065 573 1114; x_wconf 88' lang='lat' dir='ltr'>qui</span> <span class='ocrx_word' id='word_1_217' title='bbox 593 1064 651 1101; x_wconf 89' lang='lat' dir='ltr'>modo.</span> <span class='ocrx_word' id='word_1_218' title='bbox 664 1073 725 1101; x_wconf 87' lang='lat' dir='ltr'>contra</span> <span class='ocrx_word' id='word_1_219' title='bbox 744 1064 803 1100; x_wconf 91' lang='lat' dir='ltr'>Deum</span> <span class='ocrx_word' id='word_1_220' title='bbox 820 1074 918 1111; x_wconf 86' lang='lat' dir='ltr'>pravorum</span> 
     </span>
     <span class='ocr_line' id='line_1_58' title="bbox 180 1122 918 1173; baseline 0 -14"><span class='ocrx_word' id='word_1_221' title='bbox 180 1122 276 1160; x_wconf 88' lang='lat' dir='ltr'>advocatus</span> <span class='ocrx_word' id='word_1_222' title='bbox 290 1124 321 1161; x_wconf 85' lang='lat' dir='ltr'>es?</span> <span class='ocrx_word' id='word_1_223' title='bbox 334 1124 408 1161; x_wconf 77' lang='lat' dir='ltr'>UtInam</span> <span class='ocrx_word' id='word_1_224' title='bbox 422 1136 503 1173; x_wconf 80' lang='lat' dir='ltr'>saperes,</span> <span class='ocrx_word' id='word_1_225' title='bbox 516 1134 533 1161; x_wconf 94' lang='lat' dir='ltr'>et</span> <span class='ocrx_word' id='word_1_226' title='bbox 548 1123 666 1172; x_wconf 88' lang='lat' dir='ltr'>intelligeres,</span> <span class='ocrx_word' id='word_1_227' title='bbox 680 1124 749 1160; x_wconf 88' lang='lat' dir='ltr'>utinam</span> <span class='ocrx_word' id='word_1_228' title='bbox 764 1123 862 1160; x_wconf 87' lang='lat' dir='ltr'>novissima</span> <span class='ocrx_word' id='word_1_229' title='bbox 877 1135 918 1171; x_wconf 92' lang='lat' dir='ltr'>pro-</span> 
     </span>
     <span class='ocr_line' id='line_1_59' title="bbox 180 1181 918 1232; baseline -0.003 -13"><span class='ocrx_word' id='word_1_230' title='bbox 180 1182 260 1228; x_wconf 89' lang='lat' dir='ltr'>videres;</span> <span class='ocrx_word' id='word_1_231' title='bbox 280 1182 342 1220; x_wconf 89' lang='lat' dir='ltr'>alienis</span> <span class='ocrx_word' id='word_1_232' title='bbox 358 1183 436 1232; x_wconf 87' lang='lat' dir='ltr'>peccatis</span> <span class='ocrx_word' id='word_1_233' title='bbox 454 1192 471 1220; x_wconf 92' lang='lat' dir='ltr'>te</span> <span class='ocrx_word' id='word_1_234' title='bbox 489 1184 563 1220; x_wconf 88' lang='lat' dir='ltr'>minime</span> <span class='ocrx_word' id='word_1_235' title='bbox 579 1182 683 1221; x_wconf 84' lang='lat' dir='ltr'>involveres.</span> <span class='ocrx_word' id='word_1_236' title='bbox 699 1182 733 1219; x_wconf 88' lang='lat' dir='ltr'>Sed</span> <span class='ocrx_word' id='word_1_237' title='bbox 750 1182 833 1220; x_wconf 82' lang='lat' dir='ltr'>avaritiae</span> <span class='ocrx_word' id='word_1_238' title='bbox 850 1181 918 1218; x_wconf 85' lang='lat' dir='ltr'>facibus</span> 
     </span>
     <span class='ocr_line' id='line_1_60' title="bbox 180 1240 918 1292; baseline -0.001 -14"><span class='ocrx_word' id='word_1_239' title='bbox 180 1242 306 1286; x_wconf 87' lang='lat' dir='ltr'>inflammatus,</span> <span class='ocrx_word' id='word_1_240' title='bbox 320 1242 369 1280; x_wconf 90' lang='lat' dir='ltr'>lucra</span> <span class='ocrx_word' id='word_1_241' title='bbox 383 1243 435 1279; x_wconf 87' lang='lat' dir='ltr'>huius</span> <span class='ocrx_word' id='word_1_242' title='bbox 448 1243 496 1279; x_wconf 90' lang='lat' dir='ltr'>vitae</span> <span class='ocrx_word' id='word_1_243' title='bbox 509 1242 636 1280; x_wconf 89' lang='lat' dir='ltr'>tantummodo</span> <span class='ocrx_word' id='word_1_244' title='bbox 650 1243 722 1292; x_wconf 84' lang='lat' dir='ltr'>cogitas,</span> <span class='ocrx_word' id='word_1_245' title='bbox 734 1242 757 1280; x_wconf 90' lang='lat' dir='ltr'>de</span> <span class='ocrx_word' id='word_1_246' title='bbox 769 1241 834 1278; x_wconf 90' lang='lat' dir='ltr'>futuris</span> <span class='ocrx_word' id='word_1_247' title='bbox 849 1240 918 1278; x_wconf 87' lang='lat' dir='ltr'>calami-</span> 
     </span>
     <span class='ocr_line' id='line_1_61' title="bbox 179 1301 918 1353; baseline 0 -16"><span class='ocrx_word' id='word_1_248' title='bbox 179 1301 245 1338; x_wconf 83' lang='lat' dir='ltr'>tatibus</span> <span class='ocrx_word' id='word_1_249' title='bbox 259 1301 304 1339; x_wconf 90' lang='lat' dir='ltr'>nihil</span> <span class='ocrx_word' id='word_1_250' title='bbox 318 1302 393 1340; x_wconf 89' lang='lat' dir='ltr'>omnino</span> <span class='ocrx_word' id='word_1_251' title='bbox 403 1312 421 1340; x_wconf 89' lang='lat' dir='ltr'>te</span> <span class='ocrx_word' id='word_1_252' title='bbox 430 1315 491 1353; x_wconf 82' lang='lat' dir='ltr'>sapere</span> <span class='ocrx_word' id='word_1_253' title='bbox 504 1302 615 1340; x_wconf 87' lang='lat' dir='ltr'>manifestas:</span> <span class='ocrx_word' id='word_1_254' title='bbox 629 1301 697 1339; x_wconf 82' lang='lat' dir='ltr'>idcirco</span> <span class='ocrx_word' id='word_1_255' title='bbox 711 1303 756 1339; x_wconf 92' lang='lat' dir='ltr'>sicut</span> <span class='ocrx_word' id='word_1_256' title='bbox 769 1313 810 1338; x_wconf 85' lang='lat' dir='ltr'>aves</span> <span class='ocrx_word' id='word_1_257' title='bbox 824 1302 918 1350; x_wconf 86' lang='lat' dir='ltr'>capiuntur</span> 
     </span>
     <span class='ocr_line' id='line_1_62' title="bbox 180 1360 917 1411; baseline 0 -14"><span class='ocrx_word' id='word_1_258' title='bbox 180 1360 251 1410; x_wconf 88' lang='lat' dir='ltr'>laqueo,</span> <span class='ocrx_word' id='word_1_259' title='bbox 262 1362 287 1398; x_wconf 90' lang='lat' dir='ltr'>sic</span> <span class='ocrx_word' id='word_1_260' title='bbox 296 1362 314 1399; x_wconf 92' lang='lat' dir='ltr'>in</span> <span class='ocrx_word' id='word_1_261' title='bbox 323 1362 401 1411; x_wconf 87' lang='lat' dir='ltr'>peccatis</span> <span class='ocrx_word' id='word_1_262' title='bbox 411 1363 454 1409; x_wconf 85' lang='lat' dir='ltr'>tuis,</span> <span class='ocrx_word' id='word_1_263' title='bbox 465 1373 482 1399; x_wconf 92' lang='lat' dir='ltr'>et</span> <span class='ocrx_word' id='word_1_264' title='bbox 491 1375 561 1409; x_wconf 86' lang='lat' dir='ltr'>eorum,</span> <span class='ocrx_word' id='word_1_265' title='bbox 570 1375 615 1411; x_wconf 87' lang='lat' dir='ltr'>quos</span> <span class='ocrx_word' id='word_1_266' title='bbox 628 1361 648 1399; x_wconf 88' lang='lat' dir='ltr'>ab</span> <span class='ocrx_word' id='word_1_267' title='bbox 662 1361 724 1398; x_wconf 86' lang='lat' dir='ltr'>ordine</span> <span class='ocrx_word' id='word_1_268' title='bbox 738 1370 838 1410; x_wconf 84' lang='lat' dir='ltr'>apostatare</span> <span class='ocrx_word' id='word_1_269' title='bbox 852 1360 917 1405; x_wconf 85' lang='lat' dir='ltr'>fecisti,</span> 
     </span>
     <span class='ocr_line' id='line_1_63' title="bbox 180 1421 918 1471; baseline 0.001 -15"><span class='ocrx_word' id='word_1_270' title='bbox 180 1432 221 1457; x_wconf 91' lang='lat' dir='ltr'>cum</span> <span class='ocrx_word' id='word_1_271' title='bbox 234 1433 272 1458; x_wconf 90' lang='lat' dir='ltr'>non</span> <span class='ocrx_word' id='word_1_272' title='bbox 284 1423 376 1467; x_wconf 81' lang='lat' dir='ltr'>aestimas,</span> <span class='ocrx_word' id='word_1_273' title='bbox 392 1422 473 1471; x_wconf 86' lang='lat' dir='ltr'>capieris.</span> <span class='ocrx_word' id='word_1_274' title='bbox 482 1422 500 1459; x_wconf 91' lang='lat' dir='ltr'>O</span> <span class='ocrx_word' id='word_1_275' title='bbox 509 1435 563 1471; x_wconf 88' lang='lat' dir='ltr'>quam</span> <span class='ocrx_word' id='word_1_276' title='bbox 572 1421 634 1458; x_wconf 90' lang='lat' dir='ltr'>duram</span> <span class='ocrx_word' id='word_1_277' title='bbox 647 1421 753 1458; x_wconf 85' lang='lat' dir='ltr'>sententiam</span> <span class='ocrx_word' id='word_1_278' title='bbox 766 1421 862 1469; x_wconf 78' lang='lat' dir='ltr'>excipient,</span> <span class='ocrx_word' id='word_1_279' title='bbox 873 1433 918 1469; x_wconf 87' lang='lat' dir='ltr'>quo-</span> 
     </span>
     <span class='ocr_line' id='line_1_64' title="bbox 180 1480 917 1529; baseline 0.001 -14"><span class='ocrx_word' id='word_1_280' title='bbox 180 1491 219 1515; x_wconf 88' lang='lat' dir='ltr'>rum</span> <span class='ocrx_word' id='word_1_281' title='bbox 233 1480 309 1518; x_wconf 90' lang='lat' dir='ltr'>consilio</span> <span class='ocrx_word' id='word_1_282' title='bbox 323 1480 408 1518; x_wconf 87' lang='lat' dir='ltr'>monachi</span> <span class='ocrx_word' id='word_1_283' title='bbox 421 1494 475 1517; x_wconf 88' lang='lat' dir='ltr'>suum</span> <span class='ocrx_word' id='word_1_284' title='bbox 489 1481 570 1518; x_wconf 84' lang='lat' dir='ltr'>ordinem</span> <span class='ocrx_word' id='word_1_285' title='bbox 584 1489 734 1529; x_wconf 87' lang='lat' dir='ltr'>contempserunt.</span> <span class='ocrx_word' id='word_1_286' title='bbox 747 1480 832 1529; x_wconf 82' lang='lat' dir='ltr'>Magnam</span> <span class='ocrx_word' id='word_1_287' title='bbox 844 1481 863 1517; x_wconf 88' lang='lat' dir='ltr'>in</span> <span class='ocrx_word' id='word_1_288' title='bbox 876 1492 917 1528; x_wconf 90' lang='lat' dir='ltr'>sup-</span> 
     </span>
     <span class='ocr_line' id='line_1_65' title="bbox 179 1538 916 1589; baseline 0.001 -14"><span class='ocrx_word' id='word_1_289' title='bbox 179 1538 274 1587; x_wconf 86' lang='lat' dir='ltr'>plicatione</span> <span class='ocrx_word' id='word_1_290' title='bbox 287 1540 383 1583; x_wconf 84' lang='lat' dir='ltr'>utilitatem</span> <span class='ocrx_word' id='word_1_291' title='bbox 397 1540 483 1577; x_wconf 90' lang='lat' dir='ltr'>mentitus</span> <span class='ocrx_word' id='word_1_292' title='bbox 497 1553 521 1586; x_wconf 88' lang='lat' dir='ltr'>es,</span> <span class='ocrx_word' id='word_1_293' title='bbox 531 1540 561 1589; x_wconf 89' lang='lat' dir='ltr'>qni</span> <span class='ocrx_word' id='word_1_294' title='bbox 570 1539 605 1576; x_wconf 92' lang='lat' dir='ltr'>hoc</span> <span class='ocrx_word' id='word_1_295' title='bbox 614 1539 672 1577; x_wconf 89' lang='lat' dir='ltr'>solum</span> <span class='ocrx_word' id='word_1_296' title='bbox 682 1539 765 1585; x_wconf 84' lang='lat' dir='ltr'>intendis,</span> <span class='ocrx_word' id='word_1_297' title='bbox 775 1548 794 1575; x_wconf 91' lang='lat' dir='ltr'>ut</span> <span class='ocrx_word' id='word_1_298' title='bbox 803 1539 916 1576; x_wconf 89' lang='lat' dir='ltr'>honestatem</span> 
     </span>
     <span class='ocr_line' id='line_1_66' title="bbox 179 1597 917 1648; baseline 0 -14"><span class='ocrx_word' id='word_1_299' title='bbox 179 1597 246 1635; x_wconf 91' lang='lat' dir='ltr'>ordinis</span> <span class='ocrx_word' id='word_1_300' title='bbox 260 1599 336 1647; x_wconf 91' lang='lat' dir='ltr'>turpiter</span> <span class='ocrx_word' id='word_1_301' title='bbox 349 1610 436 1636; x_wconf 85' lang='lat' dir='ltr'>evacuare</span> <span class='ocrx_word' id='word_1_302' title='bbox 449 1600 519 1648; x_wconf 89' lang='lat' dir='ltr'>possis:</span> <span class='ocrx_word' id='word_1_303' title='bbox 534 1599 602 1635; x_wconf 88' lang='lat' dir='ltr'>Siccine</span> <span class='ocrx_word' id='word_1_304' title='bbox 612 1599 645 1635; x_wconf 93' lang='lat' dir='ltr'>Dei</span> <span class='ocrx_word' id='word_1_305' title='bbox 659 1598 716 1635; x_wconf 90' lang='lat' dir='ltr'>cultus</span> <span class='ocrx_word' id='word_1_306' title='bbox 729 1599 815 1647; x_wconf 87' lang='lat' dir='ltr'>augetur?</span> <span class='ocrx_word' id='word_1_307' title='bbox 828 1598 917 1635; x_wconf 83' lang='lat' dir='ltr'>Haeccine</span> 
     </span>
     <span class='ocr_line' id='line_1_67' title="bbox 179 1657 917 1707; baseline 0 -14"><span class='ocrx_word' id='word_1_308' title='bbox 179 1667 205 1694; x_wconf 91' lang='lat' dir='ltr'>est</span> <span class='ocrx_word' id='word_1_309' title='bbox 219 1670 252 1707; x_wconf 90' lang='lat' dir='ltr'>pax</span> <span class='ocrx_word' id='word_1_310' title='bbox 265 1657 295 1694; x_wconf 87' lang='lat' dir='ltr'>illa</span> <span class='ocrx_word' id='word_1_311' title='bbox 304 1659 322 1695; x_wconf 92' lang='lat' dir='ltr'>in</span> <span class='ocrx_word' id='word_1_312' title='bbox 332 1658 407 1695; x_wconf 88' lang='lat' dir='ltr'>circuitu</span> <span class='ocrx_word' id='word_1_313' title='bbox 419 1659 508 1706; x_wconf 88' lang='lat' dir='ltr'>promissa</span> <span class='ocrx_word' id='word_1_314' title='bbox 522 1657 636 1695; x_wconf 90' lang='lat' dir='ltr'>hominibus?</span> <span class='ocrx_word' id='word_1_315' title='bbox 649 1657 707 1695; x_wconf 89' lang='lat' dir='ltr'>Malos</span> <span class='ocrx_word' id='word_1_316' title='bbox 717 1657 816 1695; x_wconf 83' lang='lat' dir='ltr'>Monachus</span> <span class='ocrx_word' id='word_1_317' title='bbox 825 1670 917 1706; x_wconf 85' lang='lat' dir='ltr'>nunquam</span> 
     </span>
     <span class='ocr_line' id='line_1_68' title="bbox 179 1716 917 1766; baseline 0 -13"><span class='ocrx_word' id='word_1_318' title='bbox 179 1716 236 1754; x_wconf 91' lang='lat' dir='ltr'>bonos</span> <span class='ocrx_word' id='word_1_319' title='bbox 250 1718 346 1755; x_wconf 84' lang='lat' dir='ltr'>canonicos</span> <span class='ocrx_word' id='word_1_320' title='bbox 359 1716 423 1755; x_wconf 85' lang='lat' dir='ltr'>facies:</span> <span class='ocrx_word' id='word_1_321' title='bbox 438 1718 476 1761; x_wconf 85' lang='lat' dir='ltr'>Qut</span> <span class='ocrx_word' id='word_1_322' title='bbox 489 1727 549 1755; x_wconf 86' lang='lat' dir='ltr'>autem</span> <span class='ocrx_word' id='word_1_323' title='bbox 560 1716 617 1754; x_wconf 86' lang='lat' dir='ltr'>malos</span> <span class='ocrx_word' id='word_1_324' title='bbox 626 1717 673 1763; x_wconf 91' lang='lat' dir='ltr'>facit,</span> <span class='ocrx_word' id='word_1_325' title='bbox 683 1716 725 1766; x_wconf 91' lang='lat' dir='ltr'>quid</span> <span class='ocrx_word' id='word_1_326' title='bbox 733 1726 817 1763; x_wconf 87' lang='lat' dir='ltr'>meretur,</span> <span class='ocrx_word' id='word_1_327' title='bbox 826 1717 861 1754; x_wconf 88' lang='lat' dir='ltr'>nisi</span> <span class='ocrx_word' id='word_1_328' title='bbox 870 1729 917 1753; x_wconf 90' lang='lat' dir='ltr'>mer-</span> 
     </span>
     <span class='ocr_line' id='line_1_69' title="bbox 179 1775 916 1825; baseline 0 -13"><span class='ocrx_word' id='word_1_329' title='bbox 179 1775 240 1812; x_wconf 88' lang='lat' dir='ltr'>cedem</span> <span class='ocrx_word' id='word_1_330' title='bbox 249 1775 352 1814; x_wconf 86' lang='lat' dir='ltr'>malornm?</span> <span class='ocrx_word' id='word_1_331' title='bbox 360 1776 404 1813; x_wconf 88' lang='lat' dir='ltr'>Mali</span> <span class='ocrx_word' id='word_1_332' title='bbox 413 1786 455 1814; x_wconf 88' lang='lat' dir='ltr'>sunt</span> <span class='ocrx_word' id='word_1_333' title='bbox 462 1776 553 1821; x_wconf 89' lang='lat' dir='ltr'>Monachi,</span> <span class='ocrx_word' id='word_1_334' title='bbox 562 1776 596 1825; x_wconf 89' lang='lat' dir='ltr'>qni,</span> <span class='ocrx_word' id='word_1_335' title='bbox 605 1777 667 1813; x_wconf 89' lang='lat' dir='ltr'>ordine</span> <span class='ocrx_word' id='word_1_336' title='bbox 676 1784 785 1825; x_wconf 85' lang='lat' dir='ltr'>contempto,</span> <span class='ocrx_word' id='word_1_337' title='bbox 794 1775 815 1812; x_wconf 90' lang='lat' dir='ltr'>ad</span> <span class='ocrx_word' id='word_1_338' title='bbox 824 1775 916 1813; x_wconf 87' lang='lat' dir='ltr'>saeculum</span> 
     </span>
     <span class='ocr_line' id='line_1_70' title="bbox 178 1834 915 1883; baseline -0.001 -11"><span class='ocrx_word' id='word_1_339' title='bbox 178 1844 297 1872; x_wconf 88' lang='lat' dir='ltr'>revertuntur.</span> <span class='ocrx_word' id='word_1_340' title='bbox 309 1836 350 1873; x_wconf 88' lang='lat' dir='ltr'>Nisi</span> <span class='ocrx_word' id='word_1_341' title='bbox 367 1836 415 1873; x_wconf 91' lang='lat' dir='ltr'>enim</span> <span class='ocrx_word' id='word_1_342' title='bbox 430 1835 483 1879; x_wconf 86' lang='lat' dir='ltr'>mali,</span> <span class='ocrx_word' id='word_1_343' title='bbox 497 1845 514 1872; x_wconf 87' lang='lat' dir='ltr'>et</span> <span class='ocrx_word' id='word_1_344' title='bbox 532 1845 634 1883; x_wconf 87' lang='lat' dir='ltr'>peccatores</span> <span class='ocrx_word' id='word_1_345' title='bbox 652 1844 721 1881; x_wconf 85' lang='lat' dir='ltr'>essent,</span> <span class='ocrx_word' id='word_1_346' title='bbox 734 1834 815 1872; x_wconf 86' lang='lat' dir='ltr'>ordinem</span> <span class='ocrx_word' id='word_1_347' title='bbox 833 1845 915 1872; x_wconf 83' lang='lat' dir='ltr'>sanctum</span> 
     </span>
     <span class='ocr_line' id='line_1_71' title="bbox 179 1894 916 1944; baseline -0.001 -14"><span class='ocrx_word' id='word_1_348' title='bbox 179 1907 291 1944; x_wconf 79' lang='lat' dir='ltr'>nequaquam</span> <span class='ocrx_word' id='word_1_349' title='bbox 308 1894 420 1932; x_wconf 85' lang='lat' dir='ltr'>desererent:</span> <span class='ocrx_word' id='word_1_350' title='bbox 435 1895 495 1933; x_wconf 88' lang='lat' dir='ltr'>Nemo</span> <span class='ocrx_word' id='word_1_351' title='bbox 514 1896 561 1932; x_wconf 88' lang='lat' dir='ltr'>enirn</span> <span class='ocrx_word' id='word_1_352' title='bbox 579 1895 617 1931; x_wconf 92' lang='lat' dir='ltr'>odit</span> <span class='ocrx_word' id='word_1_353' title='bbox 632 1894 708 1941; x_wconf 85' lang='lat' dir='ltr'>bonum,</span> <span class='ocrx_word' id='word_1_354' title='bbox 725 1895 759 1931; x_wconf 90' lang='lat' dir='ltr'>nisi</span> <span class='ocrx_word' id='word_1_355' title='bbox 775 1894 843 1941; x_wconf 89' lang='lat' dir='ltr'>malus;</span> <span class='ocrx_word' id='word_1_356' title='bbox 861 1906 916 1930; x_wconf 90' lang='lat' dir='ltr'>nemo</span> 
     </span>
     <span class='ocr_line' id='line_1_72' title="bbox 179 1953 917 2004; baseline 0 -14"><span class='ocrx_word' id='word_1_357' title='bbox 179 1953 267 1991; x_wconf 88' lang='lat' dir='ltr'>recedita</span> <span class='ocrx_word' id='word_1_358' title='bbox 280 1964 342 1991; x_wconf 90' lang='lat' dir='ltr'>sancto</span> <span class='ocrx_word' id='word_1_359' title='bbox 355 1955 456 2003; x_wconf 89' lang='lat' dir='ltr'>proposito,</span> <span class='ocrx_word' id='word_1_360' title='bbox 466 1954 514 2002; x_wconf 92' lang='lat' dir='ltr'>quod</span> <span class='ocrx_word' id='word_1_361' title='bbox 523 1954 578 1998; x_wconf 88' lang='lat' dir='ltr'>vovit,</span> <span class='ocrx_word' id='word_1_362' title='bbox 588 1954 622 1991; x_wconf 86' lang='lat' dir='ltr'>nisi</span> <span class='ocrx_word' id='word_1_363' title='bbox 635 1966 740 2004; x_wconf 89' lang='lat' dir='ltr'>perversus:</span> <span class='ocrx_word' id='word_1_364' title='bbox 755 1953 792 1997; x_wconf 88' lang='lat' dir='ltr'>Qui</span> <span class='ocrx_word' id='word_1_365' title='bbox 805 1964 865 1990; x_wconf 88' lang='lat' dir='ltr'>autem</span> <span class='ocrx_word' id='word_1_366' title='bbox 879 1966 917 2002; x_wconf 86' lang='lat' dir='ltr'>per-</span> 
     </span>
     <span class='ocr_line' id='line_1_73' title="bbox 179 2012 917 2062; baseline 0 -13"><span class='ocrx_word' id='word_1_367' title='bbox 179 2014 236 2050; x_wconf 91' lang='lat' dir='ltr'>versis</span> <span class='ocrx_word' id='word_1_368' title='bbox 250 2023 346 2062; x_wconf 89' lang='lat' dir='ltr'>patronum</span> <span class='ocrx_word' id='word_1_369' title='bbox 360 2027 379 2050; x_wconf 93' lang='lat' dir='ltr'>se</span> <span class='ocrx_word' id='word_1_370' title='bbox 392 2013 465 2062; x_wconf 88' lang='lat' dir='ltr'>praebet</span> <span class='ocrx_word' id='word_1_371' title='bbox 482 2014 500 2050; x_wconf 90' lang='lat' dir='ltr'>in</span> <span class='ocrx_word' id='word_1_372' title='bbox 518 2013 576 2050; x_wconf 89' lang='lat' dir='ltr'>causis</span> <span class='ocrx_word' id='word_1_373' title='bbox 593 2013 654 2059; x_wconf 87' lang='lat' dir='ltr'>malis,</span> <span class='ocrx_word' id='word_1_374' title='bbox 669 2026 688 2049; x_wconf 90' lang='lat' dir='ltr'>se</span> <span class='ocrx_word' id='word_1_375' title='bbox 701 2012 805 2062; x_wconf 88' lang='lat' dir='ltr'>participem</span> <span class='ocrx_word' id='word_1_376' title='bbox 824 2013 917 2049; x_wconf 87' lang='lat' dir='ltr'>constituit</span> 
     </span>
     <span class='ocr_line' id='line_1_74' title="bbox 180 2071 917 2120; baseline -0.003 -11"><span class='ocrx_word' id='word_1_377' title='bbox 180 2073 255 2120; x_wconf 88' lang='lat' dir='ltr'>peccatis</span> <span class='ocrx_word' id='word_1_378' title='bbox 273 2072 340 2110; x_wconf 91' lang='lat' dir='ltr'>alienis.</span> <span class='ocrx_word' id='word_1_379' title='bbox 354 2073 468 2110; x_wconf 87' lang='lat' dir='ltr'>Canonicum</span> <span class='ocrx_word' id='word_1_380' title='bbox 482 2086 520 2110; x_wconf 88' lang='lat' dir='ltr'>esse</span> <span class='ocrx_word' id='word_1_381' title='bbox 534 2074 551 2110; x_wconf 92' lang='lat' dir='ltr'>in</span> <span class='ocrx_word' id='word_1_382' title='bbox 565 2072 641 2109; x_wconf 87' lang='lat' dir='ltr'>ecclesia</span> <span class='ocrx_word' id='word_1_383' title='bbox 653 2072 696 2118; x_wconf 84' lang='lat' dir='ltr'>Dei,</span> <span class='ocrx_word' id='word_1_384' title='bbox 710 2071 787 2118; x_wconf 87' lang='lat' dir='ltr'>bonum,</span> <span class='ocrx_word' id='word_1_385' title='bbox 801 2081 818 2108; x_wconf 93' lang='lat' dir='ltr'>et</span> <span class='ocrx_word' id='word_1_386' title='bbox 835 2081 917 2108; x_wconf 84' lang='lat' dir='ltr'>sanctum</span> 
     </span>
     <span class='ocr_line' id='line_1_75' title="bbox 179 2130 916 2180; baseline -0.003 -12"><span class='ocrx_word' id='word_1_387' title='bbox 179 2141 215 2169; x_wconf 89' lang='lat' dir='ltr'>cst:</span> <span class='ocrx_word' id='word_1_388' title='bbox 229 2130 260 2168; x_wconf 92' lang='lat' dir='ltr'>sed</span> <span class='ocrx_word' id='word_1_389' title='bbox 273 2132 371 2169; x_wconf 85' lang='lat' dir='ltr'>rnormchus</span> <span class='ocrx_word' id='word_1_390' title='bbox 385 2144 418 2180; x_wconf 92' lang='lat' dir='ltr'>pro</span> <span class='ocrx_word' id='word_1_391' title='bbox 429 2144 491 2169; x_wconf 76' lang='lat' dir='ltr'>artiore</span> <span class='ocrx_word' id='word_1_392' title='bbox 500 2133 535 2169; x_wconf 89' lang='lat' dir='ltr'>Dei</span> <span class='ocrx_word' id='word_1_393' title='bbox 544 2145 583 2169; x_wconf 90' lang='lat' dir='ltr'>esse</span> <span class='ocrx_word' id='word_1_394' title='bbox 597 2131 670 2168; x_wconf 89' lang='lat' dir='ltr'>maioris</span> <span class='ocrx_word' id='word_1_395' title='bbox 683 2131 804 2179; x_wconf 82' lang='lat' dir='ltr'>perfectionis</span> <span class='ocrx_word' id='word_1_396' title='bbox 815 2131 916 2168; x_wconf 87' lang='lat' dir='ltr'>Canonicus</span> 
     </span>
     <span class='ocr_line' id='line_1_76' title="bbox 179 2189 917 2240; baseline -0.001 -14"><span class='ocrx_word' id='word_1_397' title='bbox 179 2190 201 2227; x_wconf 88' lang='lat' dir='ltr'>ad</span> <span class='ocrx_word' id='word_1_398' title='bbox 214 2190 313 2234; x_wconf 82' lang='lat' dir='ltr'>monachos</span> <span class='ocrx_word' id='word_1_399' title='bbox 327 2191 404 2228; x_wconf 84' lang='lat' dir='ltr'>transire</span> <span class='ocrx_word' id='word_1_400' title='bbox 421 2200 506 2240; x_wconf 85' lang='lat' dir='ltr'>tanquam</span> <span class='ocrx_word' id='word_1_401' title='bbox 523 2191 545 2229; x_wconf 86' lang='lat' dir='ltr'>ad</span> <span class='ocrx_word' id='word_1_402' title='bbox 563 2191 644 2228; x_wconf 89' lang='lat' dir='ltr'>altiorem</span> <span class='ocrx_word' id='word_1_403' title='bbox 662 2190 736 2238; x_wconf 88' lang='lat' dir='ltr'>gradum</span> <span class='ocrx_word' id='word_1_404' title='bbox 752 2190 870 2239; x_wconf 88' lang='lat' dir='ltr'>permittitur:</span> <span class='ocrx_word' id='word_1_405' title='bbox 885 2189 917 2226; x_wconf 86' lang='lat' dir='ltr'>scd</span> 
     </span>
     <span class='ocr_line' id='line_1_77' title="bbox 179 2247 917 2299; baseline 0 -13"><span class='ocrx_word' id='word_1_406' title='bbox 179 2250 201 2286; x_wconf 81' lang='lat' dir='ltr'>od</span> <span class='ocrx_word' id='word_1_407' title='bbox 215 2251 309 2288; x_wconf 90' lang='lat' dir='ltr'>canonicos</span> <span class='ocrx_word' id='word_1_408' title='bbox 323 2251 432 2288; x_wconf 84' lang='lat' dir='ltr'>descendere</span> <span class='ocrx_word' id='word_1_409' title='bbox 445 2251 545 2288; x_wconf 86' lang='lat' dir='ltr'>monachus</span> <span class='ocrx_word' id='word_1_410' title='bbox 560 2249 673 2299; x_wconf 85' lang='lat' dir='ltr'>prohibetur:</span> <span class='ocrx_word' id='word_1_411' title='bbox 686 2249 724 2286; x_wconf 88' lang='lat' dir='ltr'>Nec</span> <span class='ocrx_word' id='word_1_412' title='bbox 739 2249 848 2297; x_wconf 88' lang='lat' dir='ltr'>dispensatio</span> <span class='ocrx_word' id='word_1_413' title='bbox 864 2247 917 2286; x_wconf 82' lang='lat' dir='ltr'>faciet</span> 
     </span>
     <span class='ocr_line' id='line_1_78' title="bbox 179 2308 961 2359; baseline -0.003 -13"><span class='ocrx_word' id='word_1_414' title='bbox 179 2309 254 2356; x_wconf 90' lang='lat' dir='ltr'>licitum,</span> <span class='ocrx_word' id='word_1_415' title='bbox 263 2323 308 2359; x_wconf 86' lang='lat' dir='ltr'>quae</span> <span class='ocrx_word' id='word_1_416' title='bbox 322 2310 370 2348; x_wconf 90' lang='lat' dir='ltr'>falsis</span> <span class='ocrx_word' id='word_1_417' title='bbox 384 2309 515 2348; x_wconf 82' lang='lat' dir='ltr'>narrationibus</span> <span class='ocrx_word' id='word_1_418' title='bbox 528 2310 582 2348; x_wconf 85' lang='lat' dir='ltr'>fuerit</span> <span class='ocrx_word' id='word_1_419' title='bbox 595 2310 695 2358; x_wconf 86' lang='lat' dir='ltr'>impetrata.</span> <span class='ocrx_word' id='word_1_420' title='bbox 708 2308 726 2345; x_wconf 89' lang='lat' dir='ltr'>Si</span> <span class='ocrx_word' id='word_1_421' title='bbox 740 2308 784 2345; x_wconf 88' lang='lat' dir='ltr'>adsit</span> <span class='ocrx_word' id='word_1_422' title='bbox 797 2309 815 2345; x_wconf 92' lang='lat' dir='ltr'>in</span> <span class='ocrx_word' id='word_1_423' title='bbox 829 2308 916 2357; x_wconf 88' lang='lat' dir='ltr'>supplica·</span> <span class='ocrx_word' id='word_1_424' title='bbox 960 2312 961 2315; x_wconf 76' lang='grc'>’</span> 
     </span>
     <span class='ocr_line' id='line_1_79' title="bbox 179 2368 915 2419; baseline -0.004 -12"><span class='ocrx_word' id='word_1_425' title='bbox 179 2371 227 2407; x_wconf 92' lang='lat' dir='ltr'>tione</span> <span class='ocrx_word' id='word_1_426' title='bbox 240 2370 343 2416; x_wconf 85' lang='lat' dir='ltr'>necessitas,</span> <span class='ocrx_word' id='word_1_427' title='bbox 357 2370 375 2406; x_wconf 93' lang='lat' dir='ltr'>in</span> <span class='ocrx_word' id='word_1_428' title='bbox 389 2371 490 2407; x_wconf 88' lang='lat' dir='ltr'>intentione</span> <span class='ocrx_word' id='word_1_429' title='bbox 503 2370 619 2419; x_wconf 84' lang='lat' dir='ltr'>supplicantis</span> <span class='ocrx_word' id='word_1_430' title='bbox 636 2369 734 2417; x_wconf 86' lang='lat' dir='ltr'>integritas,</span> <span class='ocrx_word' id='word_1_431' title='bbox 748 2370 766 2405; x_wconf 91' lang='lat' dir='ltr'>in</span> <span class='ocrx_word' id='word_1_432' title='bbox 779 2382 812 2405; x_wconf 90' lang='lat' dir='ltr'>usu</span> <span class='ocrx_word' id='word_1_433' title='bbox 826 2368 915 2418; x_wconf 89' lang='lat' dir='ltr'>dispensa-</span> 
     </span>
     <span class='ocr_line' id='line_1_80' title="bbox 179 2426 915 2477; baseline -0.001 -13"><span class='ocrx_word' id='word_1_434' title='bbox 179 2429 233 2466; x_wconf 90' lang='lat' dir='ltr'>tionis</span> <span class='ocrx_word' id='word_1_435' title='bbox 242 2430 332 2475; x_wconf 88' lang='lat' dir='ltr'>honestas‚</span> <span class='ocrx_word' id='word_1_436' title='bbox 340 2428 424 2465; x_wconf 87' lang='lat' dir='ltr'>audacter</span> <span class='ocrx_word' id='word_1_437' title='bbox 434 2428 480 2472; x_wconf 90' lang='lat' dir='ltr'>dico,</span> <span class='ocrx_word' id='word_1_438' title='bbox 488 2428 537 2477; x_wconf 85' lang='lat' dir='ltr'>quod</span> <span class='ocrx_word' id='word_1_439' title='bbox 543 2429 590 2476; x_wconf 88' lang='lat' dir='ltr'>Papa</span> <span class='ocrx_word' id='word_1_440' title='bbox 598 2441 639 2464; x_wconf 90' lang='lat' dir='ltr'>cum</span> <span class='ocrx_word' id='word_1_441' title='bbox 648 2426 736 2464; x_wconf 89' lang='lat' dir='ltr'>monacho</span> <span class='ocrx_word' id='word_1_442' title='bbox 743 2427 800 2475; x_wconf 84' lang='lat' dir='ltr'>possit</span> <span class='ocrx_word' id='word_1_443' title='bbox 807 2426 915 2475; x_wconf 83' lang='lat' dir='ltr'>dispensare,</span> 
     </span>
    </p>
   </div>
   <div class='ocr_carea' id='block_1_8' title="bbox 179 2482 977 2536">
    <p class='ocr_par' dir='ltr' id='par_1_10' title="bbox 179 2482 977 2536">
     <span class='ocr_line' id='line_1_81' title="bbox 179 2482 977 2536; baseline -0.003 -12"><span class='ocrx_word' id='word_1_444' title='bbox 179 2497 198 2524; x_wconf 93' lang='lat' dir='ltr'>ut</span> <span class='ocrx_word' id='word_1_445' title='bbox 212 2487 242 2524; x_wconf 84' lang='lat' dir='ltr'>frat</span> <span class='ocrx_word' id='word_1_446' title='bbox 255 2488 358 2534; x_wconf 87' lang='lat' dir='ltr'>canonicus,</span> <span class='ocrx_word' id='word_1_447' title='bbox 368 2489 393 2524; x_wconf 91' lang='lat' dir='ltr'>sic</span> <span class='ocrx_word' id='word_1_448' title='bbox 405 2497 465 2524; x_wconf 84' lang='lat' dir='ltr'>tamen</span> <span class='ocrx_word' id='word_1_449' title='bbox 479 2498 499 2524; x_wconf 90' lang='lat' dir='ltr'>ut</span> <span class='ocrx_word' id='word_1_450' title='bbox 512 2486 532 2523; x_wconf 90' lang='lat' dir='ltr'>ab</span> <span class='ocrx_word' id='word_1_451' title='bbox 546 2500 573 2531; x_wconf 90' lang='lat' dir='ltr'>eo,</span> <span class='ocrx_word' id='word_1_452' title='bbox 583 2500 619 2536; x_wconf 92' lang='lat' dir='ltr'>quo</span> <span class='ocrx_word' id='word_1_453' title='bbox 628 2487 666 2524; x_wconf 90' lang='lat' dir='ltr'>Deo</span> <span class='ocrx_word' id='word_1_454' title='bbox 680 2486 760 2523; x_wconf 90' lang='lat' dir='ltr'>noscitur</span> <span class='ocrx_word' id='word_1_455' title='bbox 773 2484 867 2535; x_wconf 86' lang='lat' dir='ltr'>obligatus,</span> <span class='ocrx_word' id='word_1_456' title='bbox 877 2487 915 2522; x_wconf 87' lang='lat' dir='ltr'>sine</span> <span class='ocrx_word' id='word_1_457' title='bbox 954 2508 955 2511; x_wconf 64' lang='lat'><em>=</em></span> <span class='ocrx_word' id='word_1_458' title='bbox 975 2482 977 2487; x_wconf 56' lang='lat'><strong>⁴</strong></span> 
     </span>
    </p>
   </div>
   <div class='ocr_carea' id='block_1_9' title="bbox 178 2537 944 2715">
    <p class='ocr_par' dir='ltr' id='par_1_11' title="bbox 178 2537 944 2715">
     <span class='ocr_line' id='line_1_82' title="bbox 178 2537 916 2594; baseline -0.003 -11"><span class='ocrx_word' id='word_1_459' title='bbox 178 2537 283 2584; x_wconf 83' lang='lat' dir='ltr'>necessitate</span> <span class='ocrx_word' id='word_1_460' title='bbox 296 2559 333 2584; x_wconf 92' lang='lat' dir='ltr'>non</span> <span class='ocrx_word' id='word_1_461' title='bbox 346 2546 457 2584; x_wconf 82' lang='lat' dir='ltr'>absolvatur:</span> <span class='ocrx_word' id='word_1_462' title='bbox 471 2547 534 2583; x_wconf 88' lang='lat' dir='ltr'>Certus</span> <span class='ocrx_word' id='word_1_463' title='bbox 547 2560 588 2583; x_wconf 89' lang='lat' dir='ltr'>sum</span> <span class='ocrx_word' id='word_1_464' title='bbox 601 2546 673 2592; x_wconf 87' lang='lat' dir='ltr'>etenim,</span> <span class='ocrx_word' id='word_1_465' title='bbox 683 2544 731 2594; x_wconf 90' lang='lat' dir='ltr'>quod</span> <span class='ocrx_word' id='word_1_466' title='bbox 741 2558 822 2581; x_wconf 88' lang='lat' dir='ltr'>summus</span> <span class='ocrx_word' id='word_1_467' title='bbox 832 2544 916 2582; x_wconf 80' lang='lat' dir='ltr'>Pontifex</span> 
     </span>
     <span class='ocr_line' id='line_1_83' title="bbox 178 2603 944 2651; baseline -0.003 -9"><span class='ocrx_word' id='word_1_468' title='bbox 178 2607 268 2643; x_wconf 88' lang='lat' dir='ltr'>neminem</span> <span class='ocrx_word' id='word_1_469' title='bbox 282 2607 320 2643; x_wconf 88' lang='lat' dir='ltr'>sine</span> <span class='ocrx_word' id='word_1_470' title='bbox 334 2606 413 2643; x_wconf 88' lang='lat' dir='ltr'>evidenti</span> <span class='ocrx_word' id='word_1_471' title='bbox 427 2605 503 2643; x_wconf 86' lang='lat' dir='ltr'>utilitate</span> <span class='ocrx_word' id='word_1_472' title='bbox 517 2607 614 2650; x_wconf 86' lang='lat' dir='ltr'>communi,</span> <span class='ocrx_word' id='word_1_473' title='bbox 628 2615 645 2642; x_wconf 87' lang='lat' dir='ltr'>et</span> <span class='ocrx_word' id='word_1_474' title='bbox 660 2605 765 2641; x_wconf 85' lang='lat' dir='ltr'>necessitate</span> <span class='ocrx_word' id='word_1_475' title='bbox 783 2603 877 2641; x_wconf 86' lang='lat' dir='ltr'>manifesta</span> <span class='ocrx_word' id='word_1_476' title='bbox 894 2603 915 2640; x_wconf 83' lang='lat' dir='ltr'>ab</span> <span class='ocrx_word' id='word_1_477' title='bbox 942 2647 944 2651; x_wconf 18' lang='grc' dir='ltr'><em>Α</em></span> 
     </span>
     <span class='ocr_line' id='line_1_84' title="bbox 178 2663 916 2715; baseline -0.003 -13"><span class='ocrx_word' id='word_1_478' title='bbox 178 2665 236 2715; x_wconf 89' lang='lat' dir='ltr'>aliqua</span> <span class='ocrx_word' id='word_1_479' title='bbox 249 2664 344 2714; x_wconf 87' lang='lat' dir='ltr'>approbata</span> <span class='ocrx_word' id='word_1_480' title='bbox 358 2664 446 2713; x_wconf 87' lang='lat' dir='ltr'>religione</span> <span class='ocrx_word' id='word_1_481' title='bbox 460 2665 536 2702; x_wconf 87' lang='lat' dir='ltr'>intendit</span> <span class='ocrx_word' id='word_1_482' title='bbox 549 2663 647 2702; x_wconf 86' lang='lat' dir='ltr'>absolvere.</span> <span class='ocrx_word' id='word_1_483' title='bbox 661 2663 750 2701; x_wconf 87' lang='lat' dir='ltr'>Advocati</span> <span class='ocrx_word' id='word_1_484' title='bbox 764 2674 824 2701; x_wconf 90' lang='lat' dir='ltr'>autem</span> <span class='ocrx_word' id='word_1_485' title='bbox 838 2665 916 2714; x_wconf 81' lang='lat' dir='ltr'>Aposto-</span> 
     </span>
    </p>
   </div>
   <div class='ocr_carea' id='block_1_10' title="bbox 0 0 988 3023">
    <p class='ocr_par' dir='ltr' id='par_1_12' title="bbox 0 0 988 3023">
     <span class='ocr_line' id='line_1_85' title="bbox 0 0 988 3023; baseline 0 0"><span class='ocrx_word' id='word_1_486' title='bbox 0 0 988 3023; x_wconf 95' lang='lat' dir='ltr'> </span> 
     </span>
    </p>
   </div>
  </div>
 </body>
</html>
