1968 3023
436 157 512 196 Horailia
526 157 573 195 XXI.
841 169 873 204 155

140 241 228 286 miseriae,
241 250 290 277 tanto
305 240 384 278 redditur
398 240 454 288 magis
468 238 559 276 obdurata.
569 238 632 286 Fugite
643 252 653 274 o
664 237 766 274 claustrales
781 239 848 282 ocium,
859 249 875 274 et

139 300 206 349 gulam,
216 301 350 349 satietatemque
363 300 430 336 ventris
440 310 555 347 summopere
565 297 660 343 declinate,
669 298 754 345 quoniam
768 297 874 343 monachus,

140 360 169 409 qui
183 371 262 397 uentrem
278 359 323 403 cibo,
338 369 354 396 et
368 369 410 407 potu
429 359 486 404 satiat,
500 357 624 396 fornicationis
638 357 721 394 daemoni
736 357 828 393 materiam
843 369 875 392 no-

140 419 190 456 cendi
205 429 286 469 praestat,
302 419 365 457 Cordis
376 432 438 456 ueram
453 419 579 455 contritionem
595 417 686 463 assumite,
698 428 714 453 et
728 416 800 453 illicitos
814 426 874 453 motus

140 480 196 516 carnis
206 493 237 529 per
246 479 346 528 lachrymas
356 479 441 516 orationis
450 477 556 515 refroenate⁴
565 478 625 514 Nemo
636 477 682 514 enim
693 488 756 524 corpus
767 489 818 513 suum
828 486 874 512 recte

139 540 209 576 vincere
219 538 290 585 sufficit,
302 540 331 587 qui
341 538 452 575 contritionis
462 537 543 574 aculeum
554 538 602 585 prius
612 549 648 573 non
659 537 760 585 assumpsit.
768 535 795 573 hd
805 545 874 572 sanctae

139 608 198 634 aurem
213 597 325 635 contritionis
338 596 413 646 gratiam
426 609 462 633 non
476 606 534 645 potest
547 596 654 644 pertingere¹
664 596 694 644 qui
704 595 783 642 seipsum
797 594 874 644 perfecte

139 657 265 705 contempserit
279 656 370 706 abnegare.
381 656 465 704 Quisquis
480 667 538 693 autem
553 656 632 704 seipsum
641 668 674 703 pro
683 655 751 692 Christi
760 668 821 691 amore
835 667 873 703 per-

139 715 184 753 fecte
197 715 316 764 abnegaverit,
325 717 360 752 iam
375 716 430 752 carnis
444 717 532 765 impetum
541 719 625 764 superans
635 715 712 764 gratiam
727 715 839 752 contritionis
850 713 874 751 fa-

139 775 190 812 cilius
203 785 327 824 consequetur.
341 775 386 811 Nam
401 775 430 823 qui
444 775 535 812 voluntate
549 774 667 812 mortificatus
685 786 718 820 est,
733 774 778 811 nihil
796 774 872 820 carnale,

138 834 183 871 nihii
196 843 246 882 turpe
261 835 375 882 concupiscit.
385 834 420 871 Sed
434 835 472 882 quis
487 846 512 871 est
521 845 602 871 nostrum
617 833 687 881 fratres,
697 835 726 883 qui
736 834 758 871 ad
771 835 873 871 hancanor-

138 894 241 931 tilicationis
251 894 325 942 gratiam
335 893 393 930 dicere
402 907 420 929 se
430 894 492 930 audeat
502 894 616 943 pervenisse?
627 894 673 938 Quis
684 903 766 931 nostrum
778 907 796 930 se
806 894 873 931 nesciat
898 922 901 926 .

138 952 242 990 infirmum?
255 953 275 989 in
289 952 346 990 stadio
360 952 455 1000 spiritualis
469 952 543 989 militiae
557 954 653 998 currimus,
667 962 684 988 et
698 952 803 1001 quotidiano
818 962 873 991 certa-

138 1012 186 1048 mine
199 1021 261 1048 contra
274 1011 316 1047 vitia
330 1023 435 1060 pugnamus.
450 1011 540 1047 Fiduciam
555 1011 602 1058 pacis
617 1010 684 1047 nullam
699 1011 806 1059 accepimus,
820 1013 873 1048 etiam

138 1072 152 1107 si
166 1083 227 1120 pacem
242 1070 331 1107 interdum
344 1068 445 1107 habeamus.
460 1070 533 1113 Quanto
547 1069 598 1107 nobis
617 1069 723 1107 familiarior
737 1080 763 1106 est
780 1070 873 1107 infirmitas

138 1131 201 1175 carnis,
215 1129 264 1166 tanto
278 1140 319 1166 sunt
332 1129 403 1166 duriora
420 1129 485 1177 praelia
500 1130 592 1166 castitatis.
608 1129 656 1165 Hinc
669 1128 720 1166 nobis
737 1130 815 1166 umxitne
829 1131 874 1178 vigi-

137 1189 210 1227 landum
224 1199 256 1235 est,
269 1189 339 1238 quando
353 1189 424 1225 hostem
439 1187 544 1225 familiarem
559 1188 708 1232 circumferimus,
719 1198 736 1224 et
749 1189 799 1238 quasi
812 1190 873 1227 dorne-

137 1250 202 1286 sricum
216 1250 334 1299 impulsorem
348 1248 389 1285 mali
405 1249 519 1285 sustinemus.
534 1248 634 1297 Quousque
648 1249 703 1297 igitur
716 1249 734 1285 in
748 1250 780 1286 hac
793 1250 874 1287 mortali-

137 1318 172 1345 tate
181 1309 265 1354 vivimus,
276 1317 400 1356 corruptorem
411 1308 495 1344 castitatis
505 1321 576 1356 semper
585 1308 686 1345 timeamus
697 1308 797 1345 Caueamus
807 1310 873 1353 onmia,

137 1381 181 1417 quae
195 1368 286 1405 libidinem
301 1369 412 1410 excitante
426 1376 512 1416 quantum
527 1380 629 1415 possumus¹
639 1367 731 1414 accidiam,
741 1377 758 1405 er
772 1369 832 1405 ocium
846 1370 873 1405 fu-

136 1429 213 1475 giamus,
227 1428 271 1464 Sunt
285 1427 332 1464 enim
346 1439 387 1463 uere
402 1426 488 1463 castitatis
502 1425 597 1464 fortissimi
610 1426 673 1464 hostes
691 1427 772 1463 saturitas
786 1429 842 1476 paniS,
856 1439 873 1466 et

137 1487 203 1531 ocium,
220 1486 251 1534 qui
268 1486 301 1522 nisi
320 1498 350 1533 per
368 1483 498 1528 abstinentiam
517 1495 534 1522 et
550 1486 675 1533 operationem
692 1485 774 1523 salutaris
792 1488 872 1524 exercitii

136 1544 199 1593 procul
213 1545 281 1593 expulsi
295 1544 368 1589 fuerint,
379 1545 481 1593 proximum
492 1546 568 1581 castitati
581 1546 673 1581 minantur
686 1543 806 1595 naufragium.
816 1546 873 1583 Omni

137 1603 217 1641 custodia
231 1614 299 1641 servate
309 1603 361 1642 corda
371 1613 428 1641 uestra
438 1597 537 1641 charissimi
547 1602 610 1641 fratres
625 1605 667 1649 mei,
678 1614 695 1642 et
709 1615 770 1641 contra
780 1618 871 1655 nurtquam

136 1663 256 1701 dormientem
263 1663 383 1700 adversarium
392 1672 473 1699 uestrum
483 1675 552 1710 semper
562 1663 623 1700 animo
632 1663 710 1712 vigilate.
721 1664 795 1700 Armate
805 1678 838 1702 vos
848 1665 872 1701 lo-

136 1724 172 1760 rica
185 1722 273 1770 perfectae
282 1721 323 1758 fidei
337 1723 375 1758 iesu
389 1722 462 1766 Christi,
472 1733 557 1770 quatenus
567 1735 627 1770 opere,
638 1733 655 1759 et
668 1722 772 1759 credulitate
785 1724 824 1760 sitis
834 1726 871 1761 veri

137 1783 233 1820 christiani.
247 1782 316 1819 Omnes
329 1783 347 1818 in
360 1781 437 1818 fraterna
451 1781 535 1818 charitate
552 1795 623 1830 semper
637 1791 695 1819 estote
711 1784 808 1827 unamines,
823 1794 840 1821 et
854 1785 871 1821 in

135 1854 176 1878 vera
190 1840 276 1890 regularis
290 1840 392 1888 disciplinae
406 1839 517 1877 observantia
527 1841 564 1876 sine
578 1839 650 1877 fictione
661 1839 765 1878 concordes.
775 1842 870 1890 ieiunium,

136 1912 153 1938 et
167 1901 296 1939 continentiam
310 1900 384 1949 diligite,
398 1901 436 1936 sine
450 1901 582 1937 intermissione
596 1913 667 1949 semper
681 1911 736 1937 orate.
746 1902 814 1939 Ocium
823 1903 872 1940 velut

136 1963 205 1998 animae
219 1970 287 2009 pestem
301 1961 419 2008 perniciosam
433 1959 493 2009 fugite,
508 1970 524 1997 et
538 1961 556 1996 in
573 1961 639 1997 sanctis
657 1960 743 2008 operibus
758 1975 791 1999 uos
805 1964 870 2012 iugiter

136 2030 219 2057 exercete.
234 2022 297 2057 Arnate
311 2019 409 2065 silentium,
418 2028 435 2055 et
449 2018 565 2056 solitudinem
577 2020 696 2056 monasticam
710 2019 765 2057 nolite
779 2020 846 2070 fugere,
856 2024 870 2059 si

135 2092 195 2116 veram
205 2080 270 2116 mentis
280 2089 297 2115 et
307 2078 386 2127 corporis
394 2078 499 2114 munditiam
507 2078 571 2126 cupitis
582 2077 669 2115 obtinere.
677 2079 786 2126 Oculorum,
794 2082 869 2125 aurium,

136 2150 153 2175 et
167 2151 271 2176 sermonum
285 2139 387 2175 continuam
401 2136 462 2173 habete
476 2137 583 2183 custodiam,
597 2150 620 2174 ne
634 2151 665 2186 per
679 2139 765 2176 fenestras
781 2153 830 2177 mors
844 2142 870 2177 in-

135 2198 225 2246 grediatur
239 2197 260 2233 ad
278 2198 360 2234 animam.
379 2196 476 2232 Mulierum
494 2196 570 2244 alloquia
588 2196 652 2246 fugite,
671 2208 688 2233 et
705 2208 797 2235 contactus
815 2201 868 2236 etiam

135 2266 236 2294 sanctarum
250 2256 299 2293 velut
309 2256 354 2304 ignis
364 2255 464 2292 incendium
475 2254 568 2292 declinare.
579 2257 638 2293 Nemo
649 2266 688 2293 turo
698 2256 772 2294 libenter
782 2259 868 2305 intuetur,

135 2315 183 2364 quod
197 2316 260 2353 mortis
274 2314 325 2352 affert
338 2313 418 2351 aculeum
433 2314 519 2361 cupitum.
532 2314 633 2351 Dominum
647 2326 730 2352 nostrum
744 2317 802 2353 iesum
817 2318 869 2354 Chri·

135 2385 182 2411 stum
197 2375 304 2411 morientem
314 2386 345 2421 pro
355 2372 405 2410 uobis
419 2374 436 2409 in
446 2385 497 2409 cruce
506 2371 588 2410 fidelibus
598 2374 654 2411 oculis
664 2375 729 2411 mentis
743 2389 774 2425 per
788 2388 868 2414 amorem

135 2447 205 2483 semper
219 2435 297 2482 aspicite,
312 2434 329 2471 in
343 2434 380 2470 eius
394 2433 474 2469 doctrina
487 2432 589 2481 euangelica
599 2446 631 2470 vos
642 2433 735 2470 salubriter
749 2436 829 2484 quotidie
840 2450 869 2473 oc-

135 2501 203 2542 cupate,
217 2493 295 2541 passioni
309 2492 346 2528 eius
360 2491 418 2534 simul,
433 2501 449 2527 et
463 2492 516 2527 morti
534 2492 600 2539 gratias
618 2491 711 2529 humiliter
725 2494 777 2541 agite.
791 2494 840 2532 Haec
854 2497 868 2532 si

135 2552 236 2588 continuata
252 2550 383 2598 perseuerantia
396 2551 413 2586 in
428 2562 467 2586 ueta
484 2550 598 2598 simplicitate
613 2551 672 2588 cordis
686 2565 741 2600 usque
755 2552 776 2589 ad
790 2564 867 2592 mortem

134 2610 218 2657 feceritis,
233 2610 346 2655 confidimus,
360 2608 407 2658 quod
420 2620 522 2646 sanctorum
536 2612 628 2648 consortio
643 2612 692 2648 eritis
706 2613 821 2660 praemiandi.
