1968 3023
313 129 363 170 Libtr
376 129 461 170 Petrichus
474 130 540 171 Iouernis
558 130 637 171 Tritrruit'.
659 175 660 178 Ἰ
809 131 842 179 263

140 277 277 314 Quemadmodum
287 279 320 310 siai
329 280 398 317 cogendi,
410 280 430 310 ad
439 280 561 310 sacracramenta
571 280 626 311 ordini
634 281 701 311 Abbales
710 280 815 310 inobedieules

372 341 387 370 el
396 340 467 370 rebelles.
490 340 542 377 Caput
551 340 582 371 IX.

144 461 148 485 t
162 447 207 485 desit
216 447 305 486 lodicibus
314 449 410 486 auctoritas
420 449 527 487 cohercendi
538 448 618 493 rebelles,
628 448 693 485 frustra
702 448 790 498 legislatio
800 448 839 486 fiet:

150 507 223 556 Semper
237 508 284 544 erairn
298 508 372 545 nitimur
386 509 403 545 in
416 509 502 552 vetitum:
512 518 530 545 et
539 508 573 545 nisi
583 509 639 545 coacti
653 510 753 558 praeceptis
766 508 842 545 relucta-

109 580 154 605 ntur:
169 568 215 604 Nam
229 566 258 604 ubi
271 580 308 605 non
322 578 348 604 est
361 578 418 604 anetus
431 568 530 616 potestatis¹
541 567 621 605 conditio
633 568 679 604 larris
693 567 729 604 cito
743 568 842 604 contemni·
874 576 950 617 Legtscon-

106 638 142 665 tur.
156 628 273 665 Conservatio
287 640 329 677 ergo
343 628 394 676 legis,
407 629 462 665 timor
479 639 505 665 est
522 629 622 677 potestatis.
636 627 671 664 Ubi
684 637 744 665 atatem
758 629 842 665 remissio
862 617 950 680 ἱξὲῗξᾞρὲἶ

109 687 201 734 potestatis
215 685 322 733 dissimulat,
335 686 387 735 vigor
399 686 444 722 luris
458 686 539 724 vacillat:
555 686 666 725 Constitutio
680 687 728 722 enirn
742 695 841 735 quantum·
862 681 917 724 mm*

109 743 151 781 libet
164 753 230 790 sancta,
244 743 272 780 vel
286 744 385 781 necessaria
399 744 416 781 in
430 743 539 781 oblivionem
554 746 589 782 cito
603 745 677 793 rapitur,
691 746 705 781 si
720 744 765 781 desit
779 754 842 782 aucto-

109 805 161 850 ritas,
176 817 210 852 qua
224 813 338 851 contemptus
351 804 441 852 puniatur.
455 803 508 840 Tolle
523 813 640 852 potestatem,
654 814 672 841 et
690 804 737 841 aliud
755 817 791 841 non
809 807 842 841 erit

108 862 220 913 Respublica,
230 876 283 912 quam
293 863 345 911 plena
354 862 445 900 seditionis
460 863 548 901 confusio.
563 865 636 902 Rustica
645 866 693 901 enim
702 864 763 901 feritas
773 866 842 902 ratione

108 936 144 960 non
158 922 232 965 ducitur,
246 921 381 958 mansuetudine
395 935 431 959 non
445 922 522 960 sedatur.
536 924 584 960 Inter
598 934 685 961 nostrates
699 936 770 973 quoque
783 925 842 974 (Deus

109 982 201 1031 enremiet)
216 982 268 1018 multi
282 991 323 1018 sunt
336 980 420 1026 Abbates,
435 992 452 1019 et
465 983 552 1029 tuorrachi
561 984 638 1029 urusticis
655 985 765 1033 grossiores,
779 985 841 1021 bestiis
852 976 866 980 Η

108 1041 301 1090 iminitioressscpuiad
312 1040 445 1078 vobservantiam
459 1041 584 1086 uuandatorum
594 1043 634 1088 Dei,
644 1053 660 1079 et
674 1043 746 1091 regulae
759 1057 841 1081 mansue-

108 1100 170 1138 tudine
185 1114 221 1138 non
238 1100 344 1146 flectuntur,
363 1101 504 1138 exortationibus
521 1099 652 1150 quantumlibet
668 1102 733 1137 sanctis
750 1114 841 1151 nunqnam
860 1124 861 1127 =

110 1159 244 1209 persuadentur.
257 1160 300 1207 His,
314 1161 328 1196 si
346 1161 442 1196 auctoritas
460 1160 600 1210 praesidentium
618 1172 654 1197 non
672 1159 779 1207 obviaverit,
793 1161 841 1198 naalia

109 1231 188 1268 unquam
204 1218 303 1256 obedientia
317 1213 388 1268 capituli
402 1219 518 1257 ducerentur:
533 1218 563 1256 Ob
577 1231 616 1256 eam
631 1232 701 1256 eausam
715 1221 782 1257 sumnti
795 1222 841 1257 Pon-

109 1278 165 1315 tifices
179 1278 231 1315 iratius
249 1278 363 1315 sacratissimi
380 1277 496 1315 Prouincialis
514 1277 587 1326 capituli
604 1277 707 1315 fundatores
721 1278 776 1315 ttrtalta
789 1278 840 1316 nobis
870 1309 872 1318 ,

108 1347 209 1387 opportuna
218 1346 318 1386 statuerunt
327 1337 415 1383 remedia;
426 1336 489 1386 quibus
498 1337 519 1373 ad
529 1336 665 1374 subventionem
674 1337 741 1374 ordinis
751 1337 841 1374 subiectos

108 1397 186 1446 capitulo
195 1396 272 1435 Abbates
282 1410 377 1446 possumus
391 1397 503 1445 compellere.
512 1396 603 1434 Habemus
617 1398 748 1443 auctoritatem,
759 1397 780 1434 de
790 1407 840 1446 pote-

107 1466 152 1494 state
161 1457 281 1493 haesitamus?
294 1457 316 1493 Et
325 1456 367 1505 qnid
381 1455 426 1493 valet
439 1457 535 1494 auctoritas
549 1457 587 1493 sine
601 1457 700 1505 potestate?
714 1457 732 1493 St
741 1457 802 1503 vultis,
811 1470 840 1494 or·
860 1505 865 1526 t
888 1465 949 1506 hacton-

866 1508 879 1525 as
889 1508 916 1526 suae
925 1508 948 1533 po·

107 1517 196 1553 natissimi
209 1517 279 1563 Patres,
292 1525 311 1552 ut
325 1517 402 1564 apertius
415 1514 485 1562 dicam,
500 1516 542 1565 quid
555 1516 577 1553 de
590 1526 678 1565 potestate
692 1518 803 1553 auctoritatis
816 1517 839 1553 fi·
860 1541 908 1561 ms,
917 1534 948 1560 „aa

108 1589 172 1625 gurarc
180 1576 274 1620 voluerim,
288 1575 351 1612 dabitis
364 1576 439 1619 veniam,
449 1577 464 1612 si
473 1576 639 1624 pusillanimitatem
645 1575 724 1613 >vestram
737 1577 768 1625 (ne
781 1577 839 1613 dicam
859 1569 948 1629 ‘'ffiefflffl,

108 1635 245 1685 negligentiam)
257 1645 354 1672 notaveto:
369 1635 414 1672 Ecce
428 1645 500 1673 centum
510 1636 573 1685 viginti
582 1646 650 1684 septem
663 1634 747 1672 Abbatias
761 1636 793 1672 sub
807 1649 839 1672 no-
859 1638 948 1707 {infligi

108 1703 145 1732 stro
159 1694 237 1742 capitulo
250 1693 354 1743 provinciali
369 1695 474 1731 constitutas
490 1696 609 1743 agnovimus,
623 1695 654 1732 sed
671 1708 708 1732 non
721 1694 742 1731 ab
756 1694 839 1732 omnibus
859 1708 891 1733 oum
905 1708 948 1733 Abba-

107 1752 185 1790 subsidia
202 1753 339 1791 contributionis
357 1753 425 1790 debitae
442 1754 550 1802 accipimus:
565 1754 626 1798 Quare
643 1754 689 1791 hoc?
706 1755 838 1791 Auctoritatem
858 1749 948 1803 ffifflpffiff

107 1813 189 1862 exigendi
202 1814 307 1861 recipimus:
321 1813 352 1850 sed
366 1822 472 1862 potestatem
485 1825 521 1850 non
535 1825 644 1850 exercemus.
659 1813 726 1861 Sponte
739 1812 798 1850 ablata
811 1827 839 1850 re·
858 1812 905 1837 bussi*

109 1873 195 1921 cipimus,
209 1871 331 1909 inobedientes
349 1885 413 1921 cogere
429 1872 553 1909 formidamus.
569 1873 633 1909 Certus
647 1884 686 1909 sum
700 1873 775 1917 etenim,
790 1866 839 1921 quod

107 1931 160 1969 multi
173 1930 250 1969 Abbates
263 1941 334 1969 nostrae
346 1932 448 1980 provinciae
462 1930 483 1968 ad
496 1930 645 1968 subvenctionem
659 1930 727 1967 ordinis
740 1931 785 1968 nihil
799 1945 839 1969 con-

107 1990 194 2035 tribuunt,
208 1991 274 2035 immo,
288 1991 303 2027 si
320 1991 441 2040 requirantur,
455 1991 505 2039 qnasi
519 2003 540 2027 eu
553 1991 693 2038 praescriptione
709 1990 839 2028 contradicunt.

106 2050 156 2094 Qnid
170 2059 207 2096 est,
222 2050 271 2099 quod
284 2050 371 2086 iacimus?
385 2049 445 2093 Quare
460 2049 489 2086 diu
503 2058 540 2086 tam
554 2049 699 2086 dissimulamus?
713 2049 780 2098 Sponte
796 2063 838 2086 cur-

107 2110 154 2146 renti
167 2108 270 2146 adhibemus
280 2109 362 2146 calcaria:
377 2109 447 2154 iacenti,
458 2109 513 2145 itnmo
524 2101 649 2154 recalcitrasti,
659 2121 692 2144 nec
703 2108 757 2145 verba
766 2109 839 2158 quidem

106 2168 219 2216 apponimus.
232 2167 278 2204 Hinc
288 2176 396 2204 statutorum
405 2176 508 2204 nostrorum
517 2177 631 2215 contemptus
640 2168 728 2212 naseitur3
742 2168 839 2204 auctoritas
860 2205 863 2212 ,
885 2170 947 2212 ueneno
975 2210 980 2216 ‚

106 2226 178 2275 capituli
192 2227 296 2276 despicitur:
311 2226 409 2264 haereditas
419 2226 486 2263 ordinis
495 2225 574 2276 :tradique
583 2236 667 2264 vastatur.
681 2226 701 2262 ln
714 2239 746 2264 vos
759 2219 839 2264 haecre-
859 2214 947 2266 ibatiiiili'pm
966 2224 967 2227 ¹

106 2286 179 2324 ferenda
196 2297 248 2332 sunt,
263 2300 274 2323 0
287 2286 357 2332 Patres,
370 2286 400 2335 qui
418 2284 492 2322 rebelles
510 2286 528 2321 iu
546 2286 633 2334 principio
651 2286 724 2322 domare
742 2285 838 2335 negligitis.

108 2346 230 2390 Considerate,
244 2345 287 2395 quid
300 2346 378 2395 paritura
391 2345 413 2381 sit
426 2344 497 2381 tandem
510 2345 545 2381 ista
558 2344 685 2390 dissiruulatio;
699 2354 716 2381 et
730 2345 744 2381 si
757 2345 839 2382 ordinem

107 2416 189 2443 vestrum
199 2405 277 2454 diligitis,
288 2405 309 2442 de
322 2404 401 2442 remedio
415 2405 520 2453 qttarttoeius
534 2404 617 2452 cogitate.
630 2402 693 2440 Debile
707 2417 771 2452 corpus
781 2413 813 2448 est,
823 2415 840 2441 et
866 2405 868 2407 ’

107 2465 220 2503 dissolutioni
234 2465 347 2514 proximum,
361 2464 409 2514 quod
426 2463 490 2501 solatio
503 2462 626 2501 membrorum
639 2476 713 2501 suornm
727 2462 838 2501 destituitur:

107 2526 152 2563 Ecce
161 2525 183 2562 de
193 2534 266 2577 centum
274 2525 338 2574 viginti
350 2533 419 2573 septem
431 2522 534 2568 Abbatibns,
545 2537 598 2573 quam
607 2536 674 2573 paucos
683 2524 754 2561 cernitis
763 2525 781 2561 in
790 2537 840 2573 prae-

109 2586 156 2623 senti
170 2584 257 2633 capitulo,
272 2586 302 2634 qui
315 2597 377 2622 omnes
390 2585 475 2622 interesse
488 2582 583 2621 debuerant
597 2593 614 2620 et
626 2592 698 2621 statuto.
712 2583 747 2621 Ubi
760 2595 801 2621 sunt
814 2598 841 2622 re-

109 2645 166 2695 liqui?
179 2643 215 2682 Ubi
228 2646 310 2683 omnium
323 2654 447 2694 procuratores
457 2643 569 2682 absentium?
581 2643 636 2680 Pauci
644 2643 666 2681 ad
674 2644 798 2682 necessitatem
812 2657 841 2682 or-
