1968 3023
78 770 127 796 uenat,
136 770 148 795 in

61 814 88 840 reg.
94 813 122 839 cap.
128 805 149 838 64.

356 139 383 176 Do
395 146 439 177 stato
452 146 467 176 at
482 141 532 176 ruina
545 140 631 177 monastici
643 140 724 181 ordinis..

280 290 331 327 Quam
339 290 448 328 periculosiora
458 291 480 321 sil
488 290 560 328 aegialea
571 291 666 321 arrianorum
689 291 726 328 aaa.
738 291 790 322 XIII,

168 404 206 493 St
220 398 361 445 consideremus,
375 413 428 450 quam
441 401 541 449 periculosa
554 414 581 438 res
595 402 618 437 sit
631 402 711 451 regimen
729 401 833 447 animuum,
848 414 899 450 quarn

212 472 267 508 grave
281 473 326 497 onus
344 474 397 498 curae
414 461 517 510 pastoralis,
531 474 584 510 quam
602 461 683 499 districto
700 462 777 499 examini
793 460 900 508 obnoxium,

165 519 237 564 anirum,
246 520 261 556 si
270 532 350 569 unquam
362 520 380 556 in
394 520 427 557 hac
440 522 476 557 vita
489 534 519 558 cor
532 530 615 557 nostrum
629 521 650 558 de
664 521 759 558 securitate
772 530 899 569 praesumeret:

168 578 216 615 Dicit
230 580 277 616 enim
291 580 386 628 scriptura.
401 580 492 625 Quoniam
509 580 596 617 iudicium
613 580 729 617 durissimum
743 579 803 617 stetin
817 592 857 623 eos,
871 581 900 628 qui

168 649 261 687 praesunt:
274 639 327 686 Nam,
336 639 382 676 sicut
395 640 458 677 Beatus
470 639 576 676 Benedictus
590 649 698 688 protestatur
712 641 729 676 in
742 639 809 689 regula,
818 652 851 688 pro
865 640 901 676 ani-

168 698 230 735 mabus
244 700 326 736 oninium
339 700 471 737 monachornm
484 700 517 737 sibi
531 701 670 738 commissorum
680 699 739 738 abbas
748 700 787 737 Deo
801 699 901 743 redditurus

168 767 194 795 est
207 760 301 796 rationem.
315 759 383 796 Idcirco
397 759 445 796 dicit,
460 759 559 797 Ordinatus
568 760 627 796 Abbas
637 761 704 808 cogitet
713 773 784 809 semper
792 758 843 809 quale
856 771 901 796 onus

168 820 251 867 suscepit,
265 829 282 855 et
295 819 323 855 cui
337 818 438 856 redditurus
456 829 483 855 est
500 819 588 856 rationem
602 819 716 856 villicationis
729 832 777 857 suae.
790 819 841 857 Onus
855 829 901 855 certe

169 887 185 916 et
198 891 259 927 grave,
274 888 291 915 et
304 878 432 926 periculosum,
447 891 479 927 pro
493 878 584 915 animabus
602 878 701 916 rrrttltorum
718 879 804 915 rationem
821 877 900 923 reddere,

116 934 118 937 ”
168 951 209 975 cum
222 939 252 975 trin
266 940 388 987 unusquisque
398 951 429 986 pro
439 939 536 987 semetipso
549 938 607 975 valeat
619 939 734 988 respondere.
744 939 761 976 O
773 938 815 988 quid
829 951 901 987 respon-

78 1010 127 1036 Bened.
136 1009 149 1035 in

61 1054 88 1080 reg.
95 1054 123 1079 cap.
130 1053 141 1071 r.

169 997 235 1035 debunt
253 1011 325 1035 summo
342 998 412 1034 Pastori
429 997 507 1034 Abbates
525 993 599 1035 terrenis
617 998 680 1035 dediti:
696 1000 725 1046 qui
743 1000 810 1035 arrianas
828 997 901 1034 fratrum

169 1072 243 1096 suorum
256 1059 304 1095 n'ralo
318 1058 399 1107 esernplo
409 1060 504 1107 perimunt,
514 1069 531 1095 et
540 1072 572 1095 nec
581 1058 641 1104 verbo,
651 1071 683 1095 nec
692 1072 745 1107 opere
756 1059 839 1107 pascunt?
853 1058 902 1101 Quid

169 1117 226 1154 dicam
236 1118 257 1155 de
267 1117 373 1166 quibusdam
382 1118 440 1154 nostri
449 1116 516 1154 ordinis
526 1116 631 1154 Abbatibus:
645 1118 682 1161 Qui
691 1118 770 1166 regulam
779 1118 796 1154 S.
807 1117 902 1163 Benedicti,

169 1190 222 1226 quam
236 1176 352 1225 profitentur,
365 1190 398 1213 nec
412 1177 483 1226 legunt,
498 1190 540 1223 nec,
554 1178 568 1213 si
581 1177 648 1226 legant,
664 1177 776 1227 intelligunt?
789 1178 874 1223 Mentior,
887 1178 902 1213 si

168 1249 204 1273 non
218 1236 260 1272 novi
273 1235 350 1273 Abbates
359 1235 392 1272 sub
401 1246 463 1273 nostro
473 1236 550 1284 capitulo
564 1237 677 1282 constitutos,
686 1238 716 1285 qui
725 1237 778 1273 tantis
791 1237 902 1285 ignotantiae

168 1295 245 1333 tenebris
255 1295 331 1332 involuti
341 1305 391 1342 sunt,
402 1305 421 1331 ut
431 1296 524 1332 tnirriruatn
533 1297 640 1332 sententiam
650 1309 670 1332 ex
680 1296 741 1344 regula
750 1309 787 1332 non
795 1295 901 1345 intelligant:

170 1355 238 1392 divinas
251 1355 348 1404 scripturas
361 1367 394 1391 nec
404 1356 468 1402 sciunt,
478 1369 510 1391 nec
520 1355 605 1404 diligunt:
620 1355 725 1392 vastitatibus
739 1355 802 1392 rrrundi
815 1354 903 1392 submersi

170 1427 288 1453 evanescunt:
301 1414 395 1452 desideriis
409 1416 472 1462 carnis,
482 1428 518 1453 uon
528 1416 597 1464 spiritui
606 1416 713 1454 inserviunt:
728 1416 805 1465 Oportet
815 1415 902 1453 Abbatem

170 1478 219 1513 iusta
232 1486 346 1523 praeceptum
359 1475 467 1524 legislatoris
480 1475 537 1512 nostri
550 1475 622 1512 doctum
632 1489 671 1512 esse
678 1477 697 1513 in
706 1475 744 1524 lege
758 1475 822 1519 divina,
833 1485 851 1511 ut
860 1476 904 1511 sciat

170 1535 216 1572 unde
231 1533 310 1583 proferat
328 1548 383 1578 nova,
397 1545 415 1571 et
431 1544 499 1572 vetera:
514 1534 596 1578 Castum,
610 1534 698 1579 sobrium,
712 1535 856 1580 misericordem,
870 1544 902 1571 etc.

170 1595 219 1639 Quid
232 1596 261 1632 isti
274 1595 339 1639 dicent,
353 1595 395 1644 quid
409 1595 504 1642 docebunt,
514 1595 556 1644 quid
570 1595 715 1640 exhortabantur,
726 1596 756 1645 qui
769 1595 813 1632 nihil
827 1594 848 1631 de
861 1596 904 1631 scri-

170 1656 226 1704 pturis
239 1656 315 1701 sanctis,
329 1655 350 1692 de
363 1654 441 1704 regulari
454 1655 556 1702 disciplina,
570 1655 613 1692 nihil
628 1655 742 1705 intelligunt?
756 1648 773 1692 O
786 1653 833 1691 bone
846 1655 902 1699 Deus,

170 1713 191 1751 ad
204 1724 289 1763 quantam
302 1714 394 1751 miseriam
407 1713 452 1751 ordo
466 1725 527 1751 noster
541 1713 621 1760 devenit,
635 1714 664 1763 qni
678 1714 721 1751 olim
735 1712 851 1759 doctissimis,
864 1725 903 1749 san-

171 1774 290 1823 ctissimisque
303 1774 346 1810 viris
359 1774 422 1822 plenus
435 1773 474 1811 fuit.
488 1773 522 1810 Ubi
537 1784 563 1810 est
575 1786 622 1810 nistre
635 1784 704 1810 atrrator
717 1772 839 1810 observantiae
853 1785 904 1820 regu-

170 1833 223 1877 laris;
241 1832 272 1869 ubi
289 1833 419 1881 scripturarum
436 1832 525 1878 studium,
539 1832 569 1868 ubi
586 1833 698 1869 conservatio
716 1832 825 1868 sanctitatis?
839 1831 905 1868 Omnia

171 1891 224 1929 simul
238 1892 334 1941 perierunt:
345 1902 362 1929 et
371 1894 400 1929 vix
410 1905 428 1929 m
437 1893 498 1939 paucis
508 1892 592 1940 pristinae
602 1892 700 1928 honestatis
710 1892 809 1928 invenimus
819 1891 904 1938 vestigia:

171 1949 248 1988 Abbates
266 1952 322 1989 nostri
336 1951 512 2001 (exceptts'paucis)
525 1961 554 1988 aut
572 1951 655 1988 avaritiae
673 1950 733 1994 dediti,
744 1959 781 1987 'aut
798 1948 904 1986 vanitatibus

171 2010 234 2048 rtrtrndi
246 2010 335 2057 abstracti,
349 2011 394 2048 nihil
408 2012 473 2057 inirrus,
487 2024 541 2060 quam
554 2010 576 2048 de
589 2011 663 2047 scientia
676 2010 804 2058 scripturarum
818 2009 904 2057 cogitant,

171 2073 253 2122 quamvis
266 2084 285 2108 se
299 2070 362 2108 doctos
375 2070 427 2107 mtdti
440 2069 557 2107 arbitrentur:
570 2070 602 2107 sed
618 2083 640 2106 en
657 2068 740 2118 operibus
758 2081 821 2106 eorum
830 2080 904 2123 ‘cogno-

171 2133 226 2171 scitur
240 2131 344 2169 eruditionis
357 2132 456 2180 ingenium
466 2131 503 2167 lam
516 2128 579 2166 doctus
594 2129 671 2166 creditur
683 2142 751 2166 avarus.
761 2128 797 2164 lam
811 2127 905 2176 religiosus

173 2193 241 2236 dicitur,
256 2193 286 2241 qui
298 2205 362 2241 agrum
376 2203 418 2240 agro
432 2189 509 2239 copulat,
523 2190 553 2238 qui
566 2188 620 2225 lucris
633 2188 708 2225 terrenis
722 2187 807 2236 invigilat,
821 2187 851 2235 qui
864 2198 905 2222 con-

172 2252 266 2302 gregandis
280 2252 347 2289 divitiis
360 2252 460 2299 appetitum
473 2250 532 2286 laxat:
547 2248 578 2286 sed
591 2248 657 2285 credite
675 2246 720 2283 mihi
737 2257 807 2294 patres,
822 2245 906 2294 quoniam

172 2324 213 2349 veta
226 2311 305 2348 dicturus
319 2322 368 2353 sum,
383 2309 454 2346 divitiae
468 2307 575 2356 temporales
588 2319 625 2344 non
639 2305 705 2342 faciunt
719 2304 798 2342 stabilem
813 2306 831 2341 in
844 2303 906 2341 ordine

172 2371 288 2421 disciplinam
303 2369 320 2407 O
334 2382 387 2419 quam
401 2367 498 2405 terribilem
512 2377 553 2404 sunt
567 2366 641 2403 subituri
656 2362 862 2415 sententiamAbbates,
876 2364 906 2411 qui

173 2430 253 2479 regulam
268 2429 370 2478 negligunt,
385 2429 414 2476 qui
432 2427 531 2464 monachos
549 2438 591 2463 siros
604 2424 669 2471 verbo,
683 2434 700 2461 et
713 2424 795 2472 exetrtplo
809 2423 907 2460 sanctitatis

173 2504 209 2529 non
222 2489 329 2539 praecedunt
335 2504 339 2533 ς
349 2490 379 2537 qui
389 2487 486 2535 spiritualia
496 2486 579 2523 exercitia
587 2485 707 2532 vilipendunt:
722 2484 758 2527 Qui
769 2483 842 2519 terrearis
852 2482 906 2518 lucris

127 2585 130 2593 ,
173 2549 287 2588 incumbunt:
301 2549 332 2598 qui
345 2547 457 2596 disciplinam
471 2548 580 2583 monasticae
593 2544 690 2581 honestatis
703 2551 824 2579 contemnunt.
834 2541 906 2577 Utinam

174 2621 261 2660 saperent,
274 2619 291 2647 et
304 2608 431 2656 intelligerent,
444 2619 464 2642 ac
477 2606 575 2643 novissima
588 2603 707 2653 providerent,
717 2613 734 2639 et
747 2614 792 2639 onus
805 2602 848 2638 tanti
862 2602 908 2648 regi-

174 2671 226 2707 minis
235 2679 265 2707 aut
273 2668 350 2706 sollicite
359 2666 484 2716 gubernarent,
495 2674 524 2702 aut
534 2665 548 2702 si
557 2677 594 2701 non
605 2671 683 2712 possent,
694 2661 784 2699 humiliter
793 2661 906 2710 deponerent,
