1968 3023
137 206 159 233 ro
353 197 380 236 De
390 197 466 249 prosectu
478 197 547 237 abilinae
558 198 654 249 spiritualis.

135 277 218 314 sufficere
235 277 257 314 ad
274 275 412 326 perfectionem:
430 278 494 316 iterum
513 278 534 315 de
551 279 625 328 proprio
643 288 746 329 contemptu
759 288 870 329 protestatur

62 342 93 369 Luc.
102 350 114 377 9·
135 337 212 385 apertius
226 336 295 374 dicens:
310 337 328 374 Si
342 338 381 387 quis
394 337 431 374 vult
445 350 474 374 me
486 338 542 387 sequi,
556 337 630 387 abneget
647 339 775 388 semetipsum,
788 349 806 376 et
819 339 870 377 tollat

135 409 206 433 crucem
217 409 274 443 suam,
285 405 303 434 et
311 406 397 446 sequatur
405 410 439 435 me.
449 397 486 441 Qui
496 397 543 435 enim
556 397 633 435 voluerit
646 398 725 435 animam
738 412 789 437 suam
802 398 870 437 salvum

59 467 93 495 11111,
102 476 114 495 2.
135 455 198 500 facere,
208 454 270 505 perdet
284 470 333 494 eam:
345 457 375 506 qui
388 466 447 494 autem
461 456 556 505 perdiderit
570 458 649 494 arrimarn
662 470 713 500 suam
723 470 798 510 propter
807 472 842 503 me,
853 468 870 496 et

134 515 258 566 Evangeliam,
271 516 339 553 salvam
352 516 405 553 faciet
417 529 461 553 eant.
473 515 555 554 Christus
564 516 620 553 tactus
630 527 656 554 est
664 515 749 554 obediens
758 518 805 555 Patri
815 531 871 568 usque

134 574 156 611 ad
169 586 252 620 mortem,
263 588 324 625 quem,
338 576 352 612 si
367 586 386 612 ut
397 575 511 624 promisistis,
522 576 587 612 imitari
601 575 700 621 volueritis,
709 577 830 614 necessarium
844 586 870 613 est

134 634 205 680 fratres,
220 644 240 671 ut
252 634 374 683 vosmetipsos
387 633 437 671 vobis
450 632 547 684 abnegetis.
562 634 662 672 Monachus
676 635 724 672 enim
737 649 776 672 esse
789 649 826 673 non
839 650 871 685 po·

133 695 175 732 terit
193 695 223 745 qui
240 708 282 732 suae
298 694 386 732 voluntati
400 695 482 744 propriae
495 708 535 732 nort
547 695 565 732 111
582 704 621 733 toto
638 697 687 744 prius
700 697 818 735 renunciavit,
832 697 871 734 Vos

104 762 105 765 ’
135 755 165 804 qui
179 767 240 792 coram
252 755 297 798 Deo,
312 763 329 790 et
342 753 406 791 sanctis
421 754 458 791 eius
471 752 553 791 omnibus
565 755 673 803 promisistis
682 755 780 792 secundnm
790 756 870 806 regulam

135 814 253 852 monasticam
262 814 328 860 vivere,
339 815 429 862 propriam
438 813 549 851 voluntatem
563 827 598 851 non
612 813 653 851 licet
662 813 714 851 vobis
727 814 811 863 deinceps
821 828 871 852 usur·

115 875 117 878 '
134 887 183 923 pare,
194 874 279 923 qnoniam
293 871 341 923 quod
354 872 409 911 semel
422 882 448 910 est
461 873 500 910 Deo
514 874 769 919 consecratum,inhumanos
779 887 821 911 usus
835 887 871 911 non

135 925 162 970 est
179 932 255 980 amplius
272 931 399 969 revocandum.
416 931 458 969 Non
473 932 520 969 enim
534 930 680 980 vobismetipsis,
699 931 731 968 sed
744 931 816 970 Christo
834 933 871 981 regi

136 991 223 1037 militatis
240 990 287 1028 unde
301 1003 359 1039 neque
374 990 428 1034 velle,
444 1003 502 1040 neque
514 990 562 1028 nolle
577 991 596 1028 iu
610 1000 699 1039 potestate
713 1001 772 1029 vestra
785 993 870 1030 retinetis.

136 1050 204 1087 Mortui
216 1063 286 1099 nanque
300 1050 351 1093 estis,
361 1059 380 1086 ut
394 1062 442 1086 sacer
455 1049 588 1098 Christophilus
601 1050 665 1099 inquit,
683 1059 700 1087 et
717 1050 754 1088 vita
771 1060 830 1087 vestra
843 1047 871 1087 ab·

136 1110 218 1147 scondita
231 1120 258 1146 est
272 1122 313 1146 curn
327 1108 399 1146 Christo
413 1110 431 1145 in
443 1109 492 1146 Deo:
506 1122 546 1146 cum
559 1118 619 1145 autem
629 1109 711 1147 Christus
725 1111 826 1159 apparuerit
835 1110 872 1147 vita

136 1177 257 1215 vestramne,
268 1177 285 1205 et
293 1181 327 1206 vos
340 1167 446 1217 apparebitis
459 1181 500 1205 curn
509 1169 548 1217 ipso
558 1169 652 1217 ingloria:
663 1182 703 1206 cum
717 1182 753 1218 quo
767 1170 782 1206 si
794 1168 872 1218 gaudere

136 1228 174 1265 sine
187 1228 222 1265 fine
236 1228 307 1277 cupitis,
318 1236 398 1275 oportet,
407 1236 427 1263 ut
435 1240 482 1264 nunc
494 1228 512 1264 in
525 1238 607 1276 tempore
615 1228 650 1266 hoc
658 1241 691 1277 pto
701 1229 739 1265 eius
753 1240 814 1265 amore
827 1239 871 1265 stre·

136 1301 172 1325 nue
185 1288 273 1325 militetis.
286 1287 346 1324 Nemo
361 1287 409 1323 euim
423 1286 537 1324 coronabitur
551 1300 591 1324 cum
604 1287 687 1334 Christo,
700 1288 735 1324 nisi
748 1289 778 1337 qui
791 1287 872 1337 legitime

137 1348 224 1384 certando
237 1346 378 1396 perseveraverit
393 1358 449 1395 usque
464 1346 485 1394 iu
497 1345 556 1390 finem,
571 1358 612 1382 cum
627 1359 664 1384 non
678 1347 736 1394 possit
750 1347 828 1392 vincere,
842 1346 872 1395 qui

135 1406 192 1443 nescit
206 1418 325 1454 perseverare.

299 1536 324 1565 De
333 1535 408 1572 profectu
418 1535 484 1565 artililiuc
497 1535 592 1573 spr'ra'raulis.
603 1535 675 1565 Humilia
685 1536 709 1565 II.

650 1590 653 1595 ·
663 1584 670 1598 b

191 1655 331 1684 uoTrescuuoun
340 1643 402 1680 iratres
413 1643 512 1680 charissimi
521 1643 543 1680 ad
552 1633 657 1680 memoriam
667 1643 714 1680 illius
723 1643 824 1681 recordatio
834 1656 873 1680 mo·
911 1690 912 1693 Ἰ

140 1649 335 1754 Qmentivenerit,
348 1700 417 1751 quaudo
427 1701 558 1745 reclamantem,
572 1711 589 1737 et
602 1702 709 1738 renitentem
722 1715 751 1738 me
762 1701 812 1739 vobis
826 1702 872 1739 indi-

136 1776 193 1813 gnum
203 1761 322 1799 constituistis
332 1759 419 1807 abbatem,
426 1760 479 1797 toties
486 1760 603 1797 amaritudine
611 1761 669 1798 cordis
677 1762 711 1797 mei
723 1770 772 1797 totus
779 1762 797 1798 111
804 1774 872 1798 meme·

137 1823 184 1871 ripso
196 1821 294 1863 concutior,
304 1829 321 1856 et
331 1818 432 1868 lachrymas
441 1820 495 1856 etiarn
505 1820 600 1865 invitus,er
609 1819 671 1857 nolens
681 1819 755 1857 fundere
765 1821 870 1870 compellor.

28 1883 33 1891 “
87 1929 89 1931 ¹
136 1881 184 1918 Novi
197 1880 251 1925 euim,
260 1878 308 1928 quod
317 1879 386 1915 meritis
396 1878 441 1915 meis
454 1892 490 1915 uon
500 1891 540 1915 sum
549 1877 599 1916 vobis
609 1879 705 1927 praelatus:
714 1879 729 1915 si
738 1890 799 1916 autem
807 1881 871 1917 vestris

136 1939 154 1977 id
167 1939 234 1976 factum
247 1939 276 1984 sit,
289 1938 359 1975 nescio:
374 1937 458 1974 concedat
472 1938 585 1986 omnipotens
599 1938 654 1985 Deus,
665 1948 685 1974 ut
694 1938 786 1976 demeritis
799 1940 871 1976 nonsit

136 1999 183 2036 lacta
196 1998 224 2034 vel
237 1998 287 2044 meis,
301 1998 388 2034 vestrisve
401 1997 445 2033 haec
457 1997 495 2045 ipsa
508 1997 530 2034 de
543 2010 572 2033 me
590 1996 684 2034 ordinatio.
702 1998 739 2035 Cur
751 1998 776 2035 ita
789 1998 871 2035 voluistis

137 2058 213 2095 fratres?
226 2058 308 2094 iuvenem
322 2069 352 2093 me
365 2055 466 2100 indoctum,
480 2067 497 2092 et
514 2068 626 2105 nequaquam
644 2056 728 2093 idoneum
743 2056 764 2093 ad
781 2057 872 2104 militiam,

137 2131 190 2168 quam
204 2116 317 2166 profitemur,
328 2116 409 2153 erexistis
423 2116 440 2152 in
454 2115 524 2161 ducem,
535 2114 686 2162 utmihi‚doce1·e
699 2116 759 2162 simul,
773 2126 790 2153 et
803 2117 871 2154 discere
882 2135 884 2138 ⁴

137 2179 211 2216 omnino
225 2178 260 2214 iam
278 2178 302 2213 sit
314 2177 444 2220 necessarium,
458 2175 529 2225 quando
547 2188 579 2212 uec
592 2176 638 2212 vitae
656 2175 742 2224 perfectio
757 2176 871 2213 commendat

137 2238 244 2282 doctrinam,
257 2248 289 2272 nec
303 2236 365 2272 aetatis
378 2234 497 2272 consideratio
510 2236 628 2271 necessariam
637 2235 704 2282 pastori
713 2234 770 2271 adhuc
780 2235 872 2285 consequi-

136 2307 165 2333 tur
175 2295 333 2333 auctoritatent.1n
342 2295 378 2331 isto
387 2295 422 2331 iam
432 2295 508 2331 triennio
517 2294 559 2331 satis
569 2294 657 2342 experior,
667 2294 736 2342 quantis
745 2306 785 2330 sum
795 2294 871 2331 miseriis

136 2355 233 2399 involutus,
248 2355 290 2391 dum
304 2355 385 2391 omnium
404 2363 482 2391 vestrum
498 2363 568 2402 portare
582 2351 694 2390 infirmitates
707 2352 757 2389 solus
770 2354 808 2401 ipse
822 2365 871 2390 com-

136 2415 199 2464 pellor,
217 2424 234 2450 et
251 2427 261 2450 a
277 2415 349 2451 nemine
367 2412 439 2450 infoelix
457 2425 491 2461 ego
508 2420 610 2460 supportor.
627 2411 672 2455 Quis
689 2424 718 2448 me
736 2410 837 2448 liberaverit
850 2410 871 2448 de

136 2475 198 2512 mundi
212 2474 264 2511 huius
278 2472 392 2519 vanitatibus,
407 2474 424 2510 in
438 2486 481 2522 quas
494 2483 587 2509 revocatus
601 2484 648 2517 sum,
659 2472 694 2521 qui,
704 2481 724 2507 ut
736 2484 808 2508 omnem
821 2484 871 2520 prae·

136 2534 191 2570 sentis
199 2533 245 2569 vitae
255 2545 320 2576 curam,
331 2542 348 2568 er
357 2532 490 2569 solicitudinem
499 2531 647 2581 subterfugerem,
655 2531 785 2567 monasterium
794 2531 871 2568 intravi?

137 2594 229 2638 Quoniam
239 2593 354 2642 quidemvero
363 2604 436 2629 necesse
445 2603 472 2629 est
482 2605 526 2628 onus
536 2601 607 2641 portare
616 2592 694 2628 humeris
704 2591 749 2627 meis
757 2591 870 2639 impositum,

137 2667 169 2691 vos
183 2666 246 2703 precor
260 2654 327 2697 fratres,
341 2652 403 2689 sedulo
417 2664 479 2689 munus
493 2652 586 2689 adiutrices
599 2652 644 2689 mihi
658 2650 759 2689 orationum
772 2659 872 2687 vestrarum

138 2715 230 2764 porrigite,
244 2723 331 2764 quatenus
345 2714 363 2750 in
376 2713 436 2751 medio
449 2723 529 2750 vestrum
542 2712 622 2750 Domino
635 2711 719 2761 largiente
733 2711 757 2748 ita
770 2711 872 2749 conversari
