1968 3023
325 147 376 185 Liber
388 147 474 185 Pealirhur
488 147 556 186 Ioannis
573 148 654 186 Trltetnii.
715 166 717 169 ·
818 161 852 198 243

117 228 167 274 sitas,
180 227 272 274 videlicet,
286 228 404 278 Congruitas,
419 228 499 274 Utilitas,
515 237 532 265 et
549 228 650 266 Honestas:
669 229 703 267 Sed
718 240 746 277 tu,
762 230 853 267 Monache

116 288 192 336 periure,
206 289 236 337 qui
249 287 287 326 sola
300 288 392 325 voluntate
406 287 484 325 duceris:
499 289 529 337 qui
543 289 609 334 Deum,
621 299 638 325 et
652 288 732 326 ordinem
745 291 852 336 contemnis,

117 347 240 384 necessitatem
253 347 314 397 fingis,
329 348 463 397 congruentiam
476 346 539 385 salsam
553 348 640 394 ostendis,
657 348 750 386 utilitatem
764 350 853 396 mentiris,
878 359 879 362 ’

117 406 228 444 honestatem
239 406 301 445 fraude
315 407 418 457 componis:
432 408 458 445 Sit
466 407 568 445 Necessitas
578 407 655 451 evidens,
666 417 682 444 et
691 408 791 452 manifestam
806 410 852 447 Con·

116 467 197 515 gruentia
209 478 261 513 vera,
280 466 351 504 Utilitas
367 480 404 503 iton
421 467 498 517 privata,
513 466 544 503 sed
558 465 636 516 publica,
649 468 737 505 Honestas
750 480 786 504 non
800 461 860 514 ficta,

78 546 79 549 =
116 527 147 563 sed
160 526 236 576 propria,
250 526 330 576 alioquin
344 527 451 576 dispensatio
465 526 498 563 erit
511 527 583 564 iniusta.
597 526 656 574 Nihil,
670 539 705 576 quo
719 540 790 564 somnio
804 529 851 565 Pon-

116 584 159 622 tifici
172 586 190 622 in
199 585 231 622 hac
239 586 372 635 dispensatione
386 597 504 629 succenseam,
518 584 599 635 profero,
613 585 657 623 nihil
671 587 688 622 in
701 586 751 623 lactis
764 586 813 623 illius
827 600 852 624 re-

116 644 216 693 prehendo,
230 658 283 694 quem
297 644 346 683 falsis
362 644 491 683 narrationibus
508 644 641 683 monachorum
659 646 802 684 circumventum
816 660 852 683 non

116 705 189 752 ignoro:
203 705 241 742 Vos
255 705 297 742 estis
311 706 348 752 rei,
362 718 395 742 vos
412 705 479 752 dolosi,
492 717 525 742 vos
542 705 636 754 iniquitate
652 706 734 752 notandi,
748 719 758 742 o
772 706 852 754 perversi

117 763 212 809 Monachi,
227 764 325 812 Apostatae
342 764 441 810 sceller'ati,
455 764 485 813 qui
498 763 598 809 mendacio,
612 763 660 810 dom,
674 773 691 813 et
704 764 765 801 fraude
780 765 851 812 petitis,

116 822 163 871 quod
180 822 332 861 iustis'obtinere
348 823 429 873 precibus
447 823 550 873 desperatis.
564 823 616 867 Quae
629 836 661 861 vos
679 825 775 861 necessitas
790 835 851 874 urget,

102 882 197 920 ¹ordinem
210 882 301 927 deserere,
316 893 333 920 et
351 884 369 920 in
382 883 476 920 saecularis
492 884 538 920 vitae
557 890 624 919 statum
641 883 726 920 transire?
743 883 795 928 Quae
809 897 851 921 con-

115 942 196 989 gruentia
209 942 271 980 suadet
285 942 303 979 id
316 941 423 992 infringere,
437 942 484 991 quod
497 943 553 979 semel
569 943 608 994 Deo
621 943 737 991 promissum,
751 943 796 980 nulli
809 944 851 980 licet

116 1002 211 1038 revocare?
227 1002 278 1045 Quae
292 1001 359 1038 utilitas
372 1000 452 1038 habitum
466 1002 586 1037 monasticum
600 1000 693 1049 deponere,
707 1001 788 1039 ordinem
802 1002 852 1039 dese-

115 1073 159 1106 rere,
170 1063 284 1109 propositum
297 1074 369 1111 negare,
381 1060 487 1099 coenobium
500 1060 603 1098 transferre.
617 1061 684 1098 Votum
698 1074 757 1099 coram
767 1061 851 1098 omnibus

67 1145 68 1148 =
116 1120 181 1157 sanctis
194 1121 232 1158 Deo
246 1119 323 1165 factum,
337 1135 374 1158 non
388 1120 479 1171 frangere,
493 1120 524 1158 sed
538 1130 555 1166 et
568 1120 640 1168 penitus
658 1119 743 1158 abiicere?
755 1122 793 1158 Aut
806 1134 852 1170 quae

116 1179 200 1216 honestas
214 1189 247 1226 est,
258 1180 369 1218 Monachum
382 1180 421 1227 Deo
434 1179 511 1216 dicatum
526 1178 548 1216 ad
561 1179 652 1215 saeculum
666 1178 727 1224 redire,
737 1179 790 1216 fidem
804 1179 851 1217 fran-

115 1250 161 1286 gere,
171 1238 268 1286 periurium
282 1240 401 1283 committere,
411 1238 523 1287 sacrilegium
537 1238 652 1287 perpetrare?
665 1237 683 1275 Ο
696 1237 851 1286 praevaricatores,

115 1306 132 1334 et
147 1298 207 1346 impii:
223 1297 316 1347 quomodo
332 1307 369 1335 tam
386 1294 498 1346 nephandarn
513 1297 660 1347 praesuntionem
675 1310 753 1347 unquam
768 1298 851 1345 poteritis

116 1358 209 1395 excusare?
222 1358 298 1397 Nullum
309 1371 330 1394 ex
339 1357 367 1395 his
377 1368 452 1407 quatuor
466 1358 578 1395 translationi
590 1367 660 1394 vestrae
674 1367 766 1404 consonat;
780 1358 850 1394 nullum

115 1429 136 1452 ex
153 1417 178 1454 eis
195 1416 348 1466 dispensationem
362 1427 439 1455 vestram
459 1415 557 1454 confirmat.
577 1416 629 1459 Quae
648 1416 695 1453 enim
714 1416 811 1453 necessitas
829 1416 851 1453 ad

115 1476 160 1513 hanc
172 1478 293 1513 temeritatem
306 1489 339 1514 vos
352 1477 410 1526 potuit
427 1476 531 1525 impellere?
547 1476 608 1520 Quam
622 1488 682 1513 coram
695 1476 768 1514 Vicario
782 1475 850 1513 Christi

115 1537 197 1584 potuistis
207 1548 278 1573 causam
288 1536 342 1573 huius
352 1535 504 1574 dimembratioois
513 1535 601 1585 allegare?
611 1536 743 1584 Paupertatem,
753 1546 770 1573 et
779 1537 850 1573 ruinam

115 1594 255 1633 coenobiorum?
273 1595 308 1652 Sed
324 1596 370 1633 hanc
387 1596 491 1644 potuissetis
505 1596 540 1633 cito
554 1596 663 1641 instaurare,
676 1595 691 1631 si
704 1594 802 1632 secuudum
816 1596 851 1633 Re.-
891 1604 959 1645 Monacuts

114 1655 175 1703 gulam
188 1655 205 1692 S.
215 1654 307 1692 Benedicti
320 1656 409 1693 viveretis
424 1656 461 1693 Vos
475 1655 523 1692 enim
536 1655 602 1704 iniquis
616 1653 695 1692 moribus
708 1667 795 1704 pauperes
808 1654 850 1691 iacti
871 1645 959 1700 ἱζῇῗζῃζᾞῑ

115 1715 167 1759 estis,
182 1715 317 1752 conversatione
332 1723 392 1751 saneta
407 1727 478 1761 rursum
495 1713 607 1751 ditaremini:
620 1713 686 1751 Videte
700 1715 719 1752 in
732 1715 807 1751 circuitu
820 1728 850 1752 ve·
871 1708 889 1733 ¹¹³¹
899 1709 944 1735 lim·

114 1782 151 1810 stro
165 1774 262 1810 monastica
275 1772 296 1810 ab
308 1773 438 1820 observantiam
451 1773 552 1822 regularem
566 1772 646 1819 reducta,
661 1773 752 1823 quomodo
765 1783 807 1822 post
821 1786 850 1810 ex·

77 1864 78 1867 ,
114 1844 189 1871 tremam
202 1843 331 1883 paupertatem,
339 1834 418 1871 Domino
431 1834 522 1882 largiente,
532 1832 554 1870 ad
564 1832 634 1870 divitias
647 1833 730 1882 pristInas
740 1833 798 1870 denuo
808 1847 850 1884 pro-

114 1891 184 1929 ficiunt:
198 1902 215 1929 et
228 1892 302 1942 quidem
317 1893 359 1929 satis
373 1893 427 1929 iuste:
441 1892 526 1929 Promisit
542 1892 590 1929 enim
604 1891 656 1929 nobis
669 1893 688 1928 in
701 1891 798 1941 Evangelio
812 1893 850 1929 Do·
871 1896 913 1922 mun.
923 1896 935 1922 6.

115 1953 174 1988 rninus
187 1952 276 2001 primum,
291 1952 384 2000 inquiens,
397 1952 476 2000 quaerite
493 1963 570 2000 regnum
583 1951 627 1997 Dei,
642 1961 659 1988 et
672 1952 758 1989 iustitiam
772 1952 818 1996 eius,
833 1961 850 1989 et

114 2010 157 2048 haec
175 2011 233 2048 omnia
251 2011 357 2048 adiicientur
370 2009 427 2047 vobis:
445 2011 482 2048 Vos
499 2020 561 2047 autem
578 2010 613 2047 Dei
632 2023 712 2048 amorem
731 2012 849 2059 postponitiS,

115 2070 182 2107 cultum
195 2070 232 2107 eius
246 2070 344 2119 negligitis,
353 2069 404 2114 ludis,
415 2068 600 2116 commessationibus,
610 2068 730 2116 ebrietatibus,
739 2079 756 2107 et
769 2070 850 2119 ingluvie

113 2131 188 2177 vacatis,
202 2140 219 2168 et
231 2144 277 2180 opus
290 2131 365 2167 Domini
382 2142 418 2166 non
435 2129 534 2178 respicitis,
549 2129 593 2166 nihil
607 2130 629 2167 de
643 2128 754 2167 observantia
772 2130 849 2180 regulari

115 2190 183 2227 curatis.
197 2189 266 2227 idcirco
279 2189 366 2238 neglectis
379 2188 506 2238 spiritualibus,
517 2190 565 2226 iusto
578 2189 613 2225 Dei
626 2188 697 2233 iudicio,
712 2190 764 2226 etiam
778 2198 850 2238 tempo-

114 2248 157 2285 ralia
170 2247 220 2285 vobis
234 2248 346 2286 defecerunt:
360 2248 442 2285 falsaest
456 2260 499 2296 ergo
511 2248 620 2294 necessitas,
634 2260 687 2297 quam
700 2248 775 2297 fingitis,
791 2257 808 2285 et
823 2249 850 2285 iu·
893 2268 895 2272 Α

115 2307 204 2345 sufficiens
218 2307 335 2357 dispensatio,
348 2320 401 2357 quam
415 2307 498 2356 allegatis.
513 2307 548 2344 Sed
562 2306 609 2344 forte
622 2307 686 2344 dicitis.
699 2307 737 2345 Nos
750 2306 782 2343 filii
796 2308 850 2344 rusti·

115 2379 177 2404 corum
190 2380 226 2404 non
239 2380 308 2411 sumus,
320 2366 351 2404 sed
362 2365 454 2410 nobilium,
469 2364 543 2412 nobiles,
557 2365 634 2410 delicati,
645 2376 661 2403 et
675 2365 741 2403 infirmi
754 2365 850 2403 observan-

113 2427 156 2463 tiam
166 2436 253 2471 sutorum,
263 2427 388 2476 agricolarum,
396 2426 532 2475 opilionumque
542 2438 612 2463 servare
621 2439 657 2463 non
666 2438 767 2474 possumus.
774 2426 850 2472 Ieiunia,

114 2484 224 2531 abstinentia,
239 2486 317 2536 vigiliae,
331 2485 440 2535 disciplinae,
450 2498 470 2523 ac
479 2495 553 2532 caetera,
563 2498 608 2534 quae
622 2484 686 2522 habent
700 2486 788 2529 exercitia,
798 2484 850 2522 nobis

114 2545 231 2595 importabilia
241 2556 288 2590 sunt,
298 2559 343 2595 quae
352 2546 417 2583 imitari
426 2558 462 2583 non
471 2558 574 2594 possumus,
584 2557 617 2582 nec
630 2544 724 2601 debemus:
738 2545 788 2589 Quid
798 2547 850 2595 ergo?
881 2565 931 2599 aqui,
942 2565 959 2591 D,

114 2605 199 2655 Nunquid
216 2606 315 2643 monachus
333 2619 369 2643 non
382 2618 411 2651 eS,
426 2606 466 2654 quia
479 2603 554 2649 nobilis,
568 2605 610 2654 quia
626 2604 722 2652 delicatus,
736 2605 776 2654 quia
789 2613 850 2652 tener,
871 2600 958 2625 uelantur

887 2643 890 2659 l
918 2643 922 2659 l

114 2665 154 2713 quia
167 2663 240 2703 debilis?
254 2667 297 2703 Nun
311 2674 347 2709 est,
362 2678 397 2714 quo
410 2673 427 2702 te
440 2664 496 2714 possit
514 2674 576 2701 contra
594 2673 675 2701 sanctum
689 2663 806 2702 Benedictum
820 2665 850 2702 de-
871 2634 958 2703 hildilid-m
