<?xml version="1.0" encoding="UTF-8"?>
<!DOCTYPE html PUBLIC "-//W3C//DTD XHTML 1.0 Transitional//EN"
    "http://www.w3.org/TR/xhtml1/DTD/xhtml1-transitional.dtd">
<html xmlns="http://www.w3.org/1999/xhtml" xml:lang="en" lang="en">
 <head>
  <title>
</title>
<meta http-equiv="Content-Type" content="text/html;charset=utf-8" />
  <meta name='ocr-system' content='tesseract 3.04.00' />
  <meta name='ocr-capabilities' content='ocr_page ocr_carea ocr_par ocr_line ocrx_word'/>
</head>
<body>
  <div class='ocr_page' id='page_1' title='image "MN5032ucmf_2_0138.png"; bbox 0 0 1968 3023; ppageno 0'>
   <div class='ocr_carea' id='block_1_1' title="bbox 44 233 131 398">
    <p class='ocr_par' dir='ltr' id='par_1_1' title="bbox 44 233 131 398">
     <span class='ocr_line' id='line_1_1' title="bbox 65 233 131 267; baseline 0.015 -8"><span class='ocrx_word' id='word_1_1' title='bbox 65 233 131 267; x_wconf 81' lang='lat' dir='ltr'>Superbus</span> 
     </span>
     <span class='ocr_line' id='line_1_2' title="bbox 44 268 130 302; baseline 0.012 -9"><span class='ocrx_word' id='word_1_2' title='bbox 44 268 95 302; x_wconf 84' lang='lat' dir='ltr'>quidam</span> <span class='ocrx_word' id='word_1_3' title='bbox 102 276 130 294; x_wconf 75' lang='lat' dir='ltr'>mo=</span> 
     </span>
     <span class='ocr_line' id='line_1_3' title="bbox 44 303 130 329; baseline 0.012 -1"><span class='ocrx_word' id='word_1_4' title='bbox 44 303 91 328; x_wconf 76' lang='lat' dir='ltr'>nacitur</span> <span class='ocrx_word' id='word_1_5' title='bbox 104 304 130 329; x_wconf 82' lang='lat' dir='ltr'>ioe-</span> 
     </span>
     <span class='ocr_line' id='line_1_4' title="bbox 44 338 130 373; baseline 0.023 -10"><span class='ocrx_word' id='word_1_6' title='bbox 44 338 60 363; x_wconf 89' lang='lat' dir='ltr'>de</span> <span class='ocrx_word' id='word_1_7' title='bbox 75 338 130 373; x_wconf 86' lang='lat' dir='ltr'>lapsus</span> 
     </span>
     <span class='ocr_line' id='line_1_5' title="bbox 44 379 68 398; baseline 0.042 -1"><span class='ocrx_word' id='word_1_8' title='bbox 44 379 68 398; x_wconf 53' lang='lat' dir='ltr'>esra</span> 
     </span>
    </p>
   </div>
   <div class='ocr_carea' id='block_1_2' title="bbox 59 1551 127 1577">
    <p class='ocr_par' dir='ltr' id='par_1_2' title="bbox 59 1551 127 1577">
     <span class='ocr_line' id='line_1_6' title="bbox 59 1551 127 1577; baseline 0.015 -1"><span class='ocrx_word' id='word_1_9' title='bbox 59 1551 97 1576; x_wconf 84' lang='lat' dir='ltr'>Prov.</span> <span class='ocrx_word' id='word_1_10' title='bbox 108 1551 127 1577; x_wconf 79' lang='lat'>16.</span> 
     </span>
    </p>
   </div>
   <div class='ocr_carea' id='block_1_3' title="bbox 154 145 665 196">
    <p class='ocr_par' dir='ltr' id='par_1_3' title="bbox 154 145 665 196">
     <span class='ocr_line' id='line_1_7' title="bbox 154 145 665 196; baseline 0 -14"><span class='ocrx_word' id='word_1_11' title='bbox 154 148 187 182; x_wconf 80' lang='lat'>126</span> <span class='ocrx_word' id='word_1_12' title='bbox 369 146 395 183; x_wconf 85' lang='lat' dir='ltr'>Dc</span> <span class='ocrx_word' id='word_1_13' title='bbox 405 145 495 196; x_wconf 75' lang='lat' dir='ltr'>patientia,</span> <span class='ocrx_word' id='word_1_14' title='bbox 510 152 523 182; x_wconf 79' lang='lat' dir='ltr'>a</span> <span class='ocrx_word' id='word_1_15' title='bbox 537 145 665 183; x_wconf 65' lang='lat' dir='ltr'>taratarantium.</span> 
     </span>
    </p>
   </div>
   <div class='ocr_carea' id='block_1_4' title="bbox 141 225 932 2713">
    <p class='ocr_par' dir='ltr' id='par_1_4' title="bbox 141 225 932 2713">
     <span class='ocr_line' id='line_1_8' title="bbox 151 225 888 276; baseline 0.003 -15"><span class='ocrx_word' id='word_1_16' title='bbox 151 226 198 262; x_wconf 90' lang='lat' dir='ltr'>viam</span> <span class='ocrx_word' id='word_1_17' title='bbox 208 226 229 263; x_wconf 89' lang='lat' dir='ltr'>ad</span> <span class='ocrx_word' id='word_1_18' title='bbox 238 227 331 264; x_wconf 87' lang='lat' dir='ltr'>interitum</span> <span class='ocrx_word' id='word_1_19' title='bbox 341 226 387 264; x_wconf 70' lang='lat' dir='ltr'>fecit⁴</span> <span class='ocrx_word' id='word_1_20' title='bbox 402 225 499 276; x_wconf 92' lang='lat' dir='ltr'>Compellit</span> <span class='ocrx_word' id='word_1_21' title='bbox 513 239 541 264; x_wconf 83' lang='lat' dir='ltr'>nte</span> <span class='ocrx_word' id='word_1_22' title='bbox 554 225 606 263; x_wconf 90' lang='lat' dir='ltr'>dolor</span> <span class='ocrx_word' id='word_1_23' title='bbox 619 226 640 264; x_wconf 89' lang='lat' dir='ltr'>ad</span> <span class='ocrx_word' id='word_1_24' title='bbox 652 226 768 275; x_wconf 86' lang='lat' dir='ltr'>loquendum,</span> <span class='ocrx_word' id='word_1_25' title='bbox 778 237 796 264; x_wconf 93' lang='lat' dir='ltr'>et</span> <span class='ocrx_word' id='word_1_26' title='bbox 804 226 888 276; x_wconf 84' lang='lat' dir='ltr'>prohibet</span> 
     </span>
     <span class='ocr_line' id='line_1_9' title="bbox 150 286 887 337; baseline 0.001 -14"><span class='ocrx_word' id='word_1_27' title='bbox 150 286 264 334; x_wconf 87' lang='lat' dir='ltr'>verecundia,</span> <span class='ocrx_word' id='word_1_28' title='bbox 279 289 360 336; x_wconf 84' lang='lat' dir='ltr'>quamvis</span> <span class='ocrx_word' id='word_1_29' title='bbox 375 301 436 325; x_wconf 87' lang='lat' dir='ltr'>casum</span> <span class='ocrx_word' id='word_1_30' title='bbox 449 288 534 324; x_wconf 88' lang='lat' dir='ltr'>noveritis</span> <span class='ocrx_word' id='word_1_31' title='bbox 544 300 612 333; x_wconf 78' lang='lat' dir='ltr'>ornneS,</span> <span class='ocrx_word' id='word_1_32' title='bbox 622 301 657 337; x_wconf 88' lang='lat' dir='ltr'>quo</span> <span class='ocrx_word' id='word_1_33' title='bbox 672 301 705 325; x_wconf 90' lang='lat' dir='ltr'>nos</span> <span class='ocrx_word' id='word_1_34' title='bbox 717 288 735 324; x_wconf 93' lang='lat' dir='ltr'>in</span> <span class='ocrx_word' id='word_1_35' title='bbox 744 287 798 325; x_wconf 83' lang='lat' dir='ltr'>fratre</span> <span class='ocrx_word' id='word_1_36' title='bbox 807 287 887 325; x_wconf 85' lang='lat' dir='ltr'>diabolus</span> 
     </span>
     <span class='ocr_line' id='line_1_10' title="bbox 151 345 887 396; baseline 0.003 -14"><span class='ocrx_word' id='word_1_37' title='bbox 151 345 220 394; x_wconf 83' lang='lat' dir='ltr'>pridem</span> <span class='ocrx_word' id='word_1_38' title='bbox 230 345 317 385; x_wconf 81' lang='lat' dir='ltr'>confudit.</span> <span class='ocrx_word' id='word_1_39' title='bbox 331 348 377 392; x_wconf 90' lang='lat' dir='ltr'>Quis</span> <span class='ocrx_word' id='word_1_40' title='bbox 387 346 418 385; x_wconf 92' lang='lat' dir='ltr'>illo</span> <span class='ocrx_word' id='word_1_41' title='bbox 432 349 448 384; x_wconf 92' lang='lat' dir='ltr'>in</span> <span class='ocrx_word' id='word_1_42' title='bbox 462 357 499 384; x_wconf 89' lang='lat' dir='ltr'>tota</span> <span class='ocrx_word' id='word_1_43' title='bbox 508 347 646 396; x_wconf 78' lang='lat' dir='ltr'>congregatione</span> <span class='ocrx_word' id='word_1_44' title='bbox 658 356 719 384; x_wconf 89' lang='lat' dir='ltr'>nostra</span> <span class='ocrx_word' id='word_1_45' title='bbox 729 346 834 395; x_wconf 86' lang='lat' dir='ltr'>superbior?</span> <span class='ocrx_word' id='word_1_46' title='bbox 848 348 887 396; x_wconf 90' lang='lat' dir='ltr'>quis</span> 
     </span>
     <span class='ocr_line' id='line_1_11' title="bbox 151 404 890 455; baseline 0 -14"><span class='ocrx_word' id='word_1_47' title='bbox 151 404 218 442; x_wconf 89' lang='lat' dir='ltr'>maiore</span> <span class='ocrx_word' id='word_1_48' title='bbox 227 407 317 453; x_wconf 80' lang='lat' dir='ltr'>protervia</span> <span class='ocrx_word' id='word_1_49' title='bbox 330 407 393 455; x_wconf 89' lang='lat' dir='ltr'>plenus</span> <span class='ocrx_word' id='word_1_50' title='bbox 407 406 490 443; x_wconf 76' lang='lat' dir='ltr'>incessit?</span> <span class='ocrx_word' id='word_1_51' title='bbox 504 406 551 450; x_wconf 87' lang='lat' dir='ltr'>Quia</span> <span class='ocrx_word' id='word_1_52' title='bbox 564 418 607 443; x_wconf 93' lang='lat' dir='ltr'>vero</span> <span class='ocrx_word' id='word_1_53' title='bbox 620 406 708 443; x_wconf 90' lang='lat' dir='ltr'>maiorem</span> <span class='ocrx_word' id='word_1_54' title='bbox 721 407 768 443; x_wconf 89' lang='lat' dir='ltr'>inter</span> <span class='ocrx_word' id='word_1_55' title='bbox 781 418 813 443; x_wconf 91' lang='lat' dir='ltr'>nos</span> <span class='ocrx_word' id='word_1_56' title='bbox 827 418 890 443; x_wconf 92' lang='lat' dir='ltr'>rerum.</span> 
     </span>
     <span class='ocr_line' id='line_1_12' title="bbox 150 464 932 519; baseline -0.001 -18"><span class='ocrx_word' id='word_1_57' title='bbox 150 465 278 513; x_wconf 82' lang='lat' dir='ltr'>temporalium</span> <span class='ocrx_word' id='word_1_58' title='bbox 291 467 418 514; x_wconf 77' lang='lat' dir='ltr'>experientiam</span> <span class='ocrx_word' id='word_1_59' title='bbox 432 465 496 519; x_wconf 86' lang='lat' dir='ltr'>habere</span> <span class='ocrx_word' id='word_1_60' title='bbox 509 464 607 511; x_wconf 83' lang='lat' dir='ltr'>videbatur,</span> <span class='ocrx_word' id='word_1_61' title='bbox 617 466 685 503; x_wconf 89' lang='lat' dir='ltr'>cunctis</span> <span class='ocrx_word' id='word_1_62' title='bbox 699 465 722 502; x_wconf 90' lang='lat' dir='ltr'>ob</span> <span class='ocrx_word' id='word_1_63' title='bbox 736 464 753 502; x_wconf 91' lang='lat' dir='ltr'>id</span> <span class='ocrx_word' id='word_1_64' title='bbox 767 478 786 502; x_wconf 92' lang='lat' dir='ltr'>se</span> <span class='ocrx_word' id='word_1_65' title='bbox 799 473 887 514; x_wconf 89' lang='lat' dir='ltr'>praestan·</span> <span class='ocrx_word' id='word_1_66' title='bbox 931 481 932 484; x_wconf 43' lang='lat'>¹</span> 
     </span>
     <span class='ocr_line' id='line_1_13' title="bbox 151 525 886 576; baseline 0.001 -16"><span class='ocrx_word' id='word_1_67' title='bbox 151 525 216 561; x_wconf 87' lang='lat' dir='ltr'>tiorem</span> <span class='ocrx_word' id='word_1_68' title='bbox 230 525 343 563; x_wconf 90' lang='lat' dir='ltr'>existimavit.</span> <span class='ocrx_word' id='word_1_69' title='bbox 357 527 440 563; x_wconf 84' lang='lat' dir='ltr'>Permisit</span> <span class='ocrx_word' id='word_1_70' title='bbox 449 526 575 576; x_wconf 86' lang='lat' dir='ltr'>Omnipotens,</span> <span class='ocrx_word' id='word_1_71' title='bbox 585 535 604 562; x_wconf 93' lang='lat' dir='ltr'>ut</span> <span class='ocrx_word' id='word_1_72' title='bbox 613 525 690 571; x_wconf 89' lang='lat' dir='ltr'>caderet,</span> <span class='ocrx_word' id='word_1_73' title='bbox 701 536 787 575; x_wconf 88' lang='lat' dir='ltr'>quatenus</span> <span class='ocrx_word' id='word_1_74' title='bbox 797 526 886 574; x_wconf 84' lang='lat' dir='ltr'>quisnam</span> 
     </span>
     <span class='ocr_line' id='line_1_14' title="bbox 151 584 887 635; baseline 0.001 -15"><span class='ocrx_word' id='word_1_75' title='bbox 151 584 273 623; x_wconf 84' lang='lat' dir='ltr'>infirmitatem</span> <span class='ocrx_word' id='word_1_76' title='bbox 283 595 375 634; x_wconf 88' lang='lat' dir='ltr'>reputatus</span> <span class='ocrx_word' id='word_1_77' title='bbox 385 598 481 635; x_wconf 77' lang='lat' dir='ltr'>agnoscere</span> <span class='ocrx_word' id='word_1_78' title='bbox 490 585 551 629; x_wconf 87' lang='lat' dir='ltr'>noluit,</span> <span class='ocrx_word' id='word_1_79' title='bbox 562 585 646 622; x_wconf 79' lang='lat' dir='ltr'>corriusus</span> <span class='ocrx_word' id='word_1_80' title='bbox 660 584 732 622; x_wconf 88' lang='lat' dir='ltr'>tandem</span> <span class='ocrx_word' id='word_1_81' title='bbox 745 598 782 622; x_wconf 90' lang='lat' dir='ltr'>non</span> <span class='ocrx_word' id='word_1_82' title='bbox 796 586 834 622; x_wconf 92' lang='lat' dir='ltr'>sine</span> <span class='ocrx_word' id='word_1_83' title='bbox 843 584 887 621; x_wconf 90' lang='lat' dir='ltr'>mul·</span> 
     </span>
     <span class='ocr_line' id='line_1_15' title="bbox 151 643 917 696; baseline 0 -16"><span class='ocrx_word' id='word_1_84' title='bbox 151 654 210 681; x_wconf 88' lang='lat' dir='ltr'>torum</span> <span class='ocrx_word' id='word_1_85' title='bbox 224 644 307 683; x_wconf 86' lang='lat' dir='ltr'>scandalo</span> <span class='ocrx_word' id='word_1_86' title='bbox 317 645 436 683; x_wconf 87' lang='lat' dir='ltr'>adversarium</span> <span class='ocrx_word' id='word_1_87' title='bbox 446 644 552 694; x_wconf 69' lang='lat' dir='ltr'>intelligeret</span> <span class='ocrx_word' id='word_1_88' title='bbox 560 645 618 681; x_wconf 89' lang='lat' dir='ltr'>Deum</span> <span class='ocrx_word' id='word_1_89' title='bbox 627 643 751 693; x_wconf 87' lang='lat' dir='ltr'>superborum.</span> <span class='ocrx_word' id='word_1_90' title='bbox 766 644 824 682; x_wconf 89' lang='lat' dir='ltr'>Doleo</span> <span class='ocrx_word' id='word_1_91' title='bbox 833 643 887 681; x_wconf 87' lang='lat' dir='ltr'>vehe-</span> <span class='ocrx_word' id='word_1_92' title='bbox 916 693 917 696; x_wconf 11' lang='grc' dir='ltr'><strong>Ἰ</strong></span> 
     </span>
     <span class='ocr_line' id='line_1_16' title="bbox 150 704 885 755; baseline -0.003 -14"><span class='ocrx_word' id='word_1_93' title='bbox 150 715 223 749; x_wconf 83' lang='lat' dir='ltr'>menter,</span> <span class='ocrx_word' id='word_1_94' title='bbox 238 717 254 742; x_wconf 90' lang='lat' dir='ltr'>et</span> <span class='ocrx_word' id='word_1_95' title='bbox 268 705 307 754; x_wconf 90' lang='lat' dir='ltr'>plns</span> <span class='ocrx_word' id='word_1_96' title='bbox 321 718 375 755; x_wconf 84' lang='lat' dir='ltr'>quam</span> <span class='ocrx_word' id='word_1_97' title='bbox 389 704 423 741; x_wconf 88' lang='lat' dir='ltr'>dici</span> <span class='ocrx_word' id='word_1_98' title='bbox 438 715 503 754; x_wconf 91' lang='lat' dir='ltr'>potest,</span> <span class='ocrx_word' id='word_1_99' title='bbox 518 704 568 753; x_wconf 89' lang='lat' dir='ltr'>culpa</span> <span class='ocrx_word' id='word_1_100' title='bbox 582 705 649 742; x_wconf 89' lang='lat' dir='ltr'>ruentis</span> <span class='ocrx_word' id='word_1_101' title='bbox 662 704 707 741; x_wconf 84' lang='lat' dir='ltr'>mihi</span> <span class='ocrx_word' id='word_1_102' title='bbox 720 704 793 753; x_wconf 88' lang='lat' dir='ltr'>gravior</span> <span class='ocrx_word' id='word_1_103' title='bbox 806 704 885 750; x_wconf 80' lang='lat' dir='ltr'>videtur,</span> 
     </span>
     <span class='ocr_line' id='line_1_17' title="bbox 151 763 885 813; baseline -0.001 -13"><span class='ocrx_word' id='word_1_104' title='bbox 151 765 241 813; x_wconf 87' lang='lat' dir='ltr'>quoniam,</span> <span class='ocrx_word' id='word_1_105' title='bbox 254 764 286 802; x_wconf 91' lang='lat' dir='ltr'>illo</span> <span class='ocrx_word' id='word_1_106' title='bbox 300 775 369 811; x_wconf 89' lang='lat' dir='ltr'>ruente,</span> <span class='ocrx_word' id='word_1_107' title='bbox 384 764 510 802; x_wconf 80' lang='lat' dir='ltr'>confundimur</span> <span class='ocrx_word' id='word_1_108' title='bbox 524 776 591 801; x_wconf 86' lang='lat' dir='ltr'>omnes¹</span> <span class='ocrx_word' id='word_1_109' title='bbox 605 764 640 800; x_wconf 90' lang='lat' dir='ltr'>Der</span> <span class='ocrx_word' id='word_1_110' title='bbox 653 763 679 800; x_wconf 93' lang='lat' dir='ltr'>illi</span> <span class='ocrx_word' id='word_1_111' title='bbox 692 765 741 800; x_wconf 87' lang='lat' dir='ltr'>Deus</span> <span class='ocrx_word' id='word_1_112' title='bbox 756 764 885 812; x_wconf 84' lang='lat' dir='ltr'>poenitentiam</span> 
     </span>
     <span class='ocr_line' id='line_1_18' title="bbox 151 823 885 873; baseline -0.001 -13"><span class='ocrx_word' id='word_1_113' title='bbox 151 835 202 872; x_wconf 85' lang='lat' dir='ltr'>agere</span> <span class='ocrx_word' id='word_1_114' title='bbox 216 836 282 869; x_wconf 73' lang='lat' dir='ltr'>verant,</span> <span class='ocrx_word' id='word_1_115' title='bbox 296 833 315 860; x_wconf 90' lang='lat' dir='ltr'>ut</span> <span class='ocrx_word' id='word_1_116' title='bbox 329 824 359 873; x_wconf 90' lang='lat' dir='ltr'>qui</span> <span class='ocrx_word' id='word_1_117' title='bbox 373 824 409 860; x_wconf 90' lang='lat' dir='ltr'>eins</span> <span class='ocrx_word' id='word_1_118' title='bbox 423 823 472 872; x_wconf 87' lang='lat' dir='ltr'>lapsu</span> <span class='ocrx_word' id='word_1_119' title='bbox 486 823 597 860; x_wconf 86' lang='lat' dir='ltr'>scandalizati</span> <span class='ocrx_word' id='word_1_120' title='bbox 607 823 683 869; x_wconf 85' lang='lat' dir='ltr'>fuerant,</span> <span class='ocrx_word' id='word_1_121' title='bbox 693 824 813 861; x_wconf 79' lang='lat' dir='ltr'>satisfactione</span> <span class='ocrx_word' id='word_1_122' title='bbox 826 835 885 860; x_wconf 89' lang='lat' dir='ltr'>coram</span> 
     </span>
     <span class='ocr_line' id='line_1_19' title="bbox 151 882 885 932; baseline -0.001 -12"><span class='ocrx_word' id='word_1_123' title='bbox 151 884 196 928; x_wconf 85' lang='lat' dir='ltr'>Deo,</span> <span class='ocrx_word' id='word_1_124' title='bbox 207 894 224 920; x_wconf 88' lang='lat' dir='ltr'>cr</span> <span class='ocrx_word' id='word_1_125' title='bbox 233 883 336 921; x_wconf 88' lang='lat' dir='ltr'>hominibus</span> <span class='ocrx_word' id='word_1_126' title='bbox 346 883 465 921; x_wconf 85' lang='lat' dir='ltr'>aedificentur.</span> <span class='ocrx_word' id='word_1_127' title='bbox 479 883 552 932; x_wconf 85' lang='lat' dir='ltr'>Semper</span> <span class='ocrx_word' id='word_1_128' title='bbox 561 883 653 920; x_wconf 89' lang='lat' dir='ltr'>monachis</span> <span class='ocrx_word' id='word_1_129' title='bbox 667 884 767 932; x_wconf 86' lang='lat' dir='ltr'>perniciosa</span> <span class='ocrx_word' id='word_1_130' title='bbox 780 882 814 920; x_wconf 87' lang='lat' dir='ltr'>fuir</span> <span class='ocrx_word' id='word_1_131' title='bbox 828 883 885 926; x_wconf 86' lang='lat' dir='ltr'>elatio,</span> 
     </span>
     <span class='ocr_line' id='line_1_20' title="bbox 150 942 885 992; baseline 0.001 -14"><span class='ocrx_word' id='word_1_132' title='bbox 150 953 174 988; x_wconf 89' lang='lat' dir='ltr'>er,</span> <span class='ocrx_word' id='word_1_133' title='bbox 185 953 264 979; x_wconf 89' lang='lat' dir='ltr'>mentem</span> <span class='ocrx_word' id='word_1_134' title='bbox 276 942 354 980; x_wconf 89' lang='lat' dir='ltr'>hominis</span> <span class='ocrx_word' id='word_1_135' title='bbox 369 955 422 992; x_wconf 85' lang='lat' dir='ltr'>quam</span> <span class='ocrx_word' id='word_1_136' title='bbox 432 943 486 980; x_wconf 89' lang='lat' dir='ltr'>semel</span> <span class='ocrx_word' id='word_1_137' title='bbox 499 943 589 990; x_wconf 82' lang='lat' dir='ltr'>invaserit,</span> <span class='ocrx_word' id='word_1_138' title='bbox 600 943 617 980; x_wconf 89' lang='lat' dir='ltr'>in</span> <span class='ocrx_word' id='word_1_139' title='bbox 627 942 699 980; x_wconf 84' lang='lat' dir='ltr'>foveam</span> <span class='ocrx_word' id='word_1_140' title='bbox 708 944 794 980; x_wconf 91' lang='lat' dir='ltr'>vitiorum</span> <span class='ocrx_word' id='word_1_141' title='bbox 804 943 885 981; x_wconf 90' lang='lat' dir='ltr'>omnium</span> 
     </span>
     <span class='ocr_line' id='line_1_21' title="bbox 150 1000 885 1051; baseline 0 -13"><span class='ocrx_word' id='word_1_142' title='bbox 150 1002 244 1050; x_wconf 83' lang='lat' dir='ltr'>demergit.</span> <span class='ocrx_word' id='word_1_143' title='bbox 258 1003 325 1039; x_wconf 79' lang='lat' dir='ltr'>Cavete</span> <span class='ocrx_word' id='word_1_144' title='bbox 338 1001 446 1051; x_wconf 86' lang='lat' dir='ltr'>superbiam,</span> <span class='ocrx_word' id='word_1_145' title='bbox 457 1000 520 1039; x_wconf 84' lang='lat' dir='ltr'>fratres</span> <span class='ocrx_word' id='word_1_146' title='bbox 533 1000 574 1047; x_wconf 82' lang='lat' dir='ltr'>inei,</span> <span class='ocrx_word' id='word_1_147' title='bbox 584 1003 669 1051; x_wconf 88' lang='lat' dir='ltr'>quoniam</span> <span class='ocrx_word' id='word_1_148' title='bbox 683 1002 721 1050; x_wconf 87' lang='lat' dir='ltr'>ipsa</span> <span class='ocrx_word' id='word_1_149' title='bbox 734 1011 760 1040; x_wconf 86' lang='lat' dir='ltr'>est</span> <span class='ocrx_word' id='word_1_150' title='bbox 774 1003 832 1039; x_wconf 86' lang='lat' dir='ltr'>omnis</span> <span class='ocrx_word' id='word_1_151' title='bbox 846 1014 885 1050; x_wconf 92' lang='lat' dir='ltr'>pec-</span> 
     </span>
     <span class='ocr_line' id='line_1_22' title="bbox 150 1061 886 1112; baseline 0 -14"><span class='ocrx_word' id='word_1_152' title='bbox 150 1062 185 1098; x_wconf 88' lang='lat' dir='ltr'>cari</span> <span class='ocrx_word' id='word_1_153' title='bbox 198 1062 303 1108; x_wconf 81' lang='lat' dir='ltr'>exurdium3</span> <span class='ocrx_word' id='word_1_154' title='bbox 318 1063 356 1111; x_wconf 90' lang='lat' dir='ltr'>ipsa</span> <span class='ocrx_word' id='word_1_155' title='bbox 369 1072 402 1108; x_wconf 89' lang='lat' dir='ltr'>est,</span> <span class='ocrx_word' id='word_1_156' title='bbox 416 1076 460 1112; x_wconf 84' lang='lat' dir='ltr'>quae</span> <span class='ocrx_word' id='word_1_157' title='bbox 473 1075 503 1110; x_wconf 93' lang='lat' dir='ltr'>per</span> <span class='ocrx_word' id='word_1_158' title='bbox 516 1061 600 1099; x_wconf 88' lang='lat' dir='ltr'>invidiam</span> <span class='ocrx_word' id='word_1_159' title='bbox 614 1061 680 1099; x_wconf 87' lang='lat' dir='ltr'>diaboli</span> <span class='ocrx_word' id='word_1_160' title='bbox 697 1073 774 1100; x_wconf 90' lang='lat' dir='ltr'>mortem</span> <span class='ocrx_word' id='word_1_161' title='bbox 788 1061 886 1099; x_wconf 82' lang='lat' dir='ltr'>introduxit</span> 
     </span>
     <span class='ocr_line' id='line_1_23' title="bbox 149 1120 885 1169; baseline -0.001 -11"><span class='ocrx_word' id='word_1_162' title='bbox 149 1122 166 1158; x_wconf 93' lang='lat' dir='ltr'>in</span> <span class='ocrx_word' id='word_1_163' title='bbox 176 1120 238 1157; x_wconf 85' lang='lat' dir='ltr'>orbem</span> <span class='ocrx_word' id='word_1_164' title='bbox 251 1132 345 1159; x_wconf 88' lang='lat' dir='ltr'>terrarum.</span> <span class='ocrx_word' id='word_1_165' title='bbox 359 1121 445 1169; x_wconf 81' lang='lat' dir='ltr'>Superbia</span> <span class='ocrx_word' id='word_1_166' title='bbox 459 1123 545 1158; x_wconf 86' lang='lat' dir='ltr'>virtutum</span> <span class='ocrx_word' id='word_1_167' title='bbox 559 1132 584 1158; x_wconf 88' lang='lat' dir='ltr'>est</span> <span class='ocrx_word' id='word_1_168' title='bbox 597 1135 646 1159; x_wconf 92' lang='lat' dir='ltr'>mors</span> <span class='ocrx_word' id='word_1_169' title='bbox 656 1122 744 1168; x_wconf 87' lang='lat' dir='ltr'>omnium,</span> <span class='ocrx_word' id='word_1_170' title='bbox 753 1131 771 1157; x_wconf 92' lang='lat' dir='ltr'>et</span> <span class='ocrx_word' id='word_1_171' title='bbox 781 1132 885 1159; x_wconf 91' lang='lat' dir='ltr'>cunctorum</span> 
     </span>
     <span class='ocr_line' id='line_1_24' title="bbox 149 1181 885 1230; baseline 0 -13"><span class='ocrx_word' id='word_1_172' title='bbox 149 1181 194 1227; x_wconf 84' lang='lat' dir='ltr'>fons,</span> <span class='ocrx_word' id='word_1_173' title='bbox 208 1190 225 1217; x_wconf 93' lang='lat' dir='ltr'>et</span> <span class='ocrx_word' id='word_1_174' title='bbox 239 1181 329 1230; x_wconf 83' lang='lat' dir='ltr'>scaturigo</span> <span class='ocrx_word' id='word_1_175' title='bbox 344 1181 433 1219; x_wconf 90' lang='lat' dir='ltr'>vitiorum.</span> <span class='ocrx_word' id='word_1_176' title='bbox 447 1181 544 1218; x_wconf 86' lang='lat' dir='ltr'>Hurnilitas</span> <span class='ocrx_word' id='word_1_177' title='bbox 557 1190 616 1218; x_wconf 88' lang='lat' dir='ltr'>autem</span> <span class='ocrx_word' id='word_1_178' title='bbox 631 1182 719 1218; x_wconf 88' lang='lat' dir='ltr'>virtutum</span> <span class='ocrx_word' id='word_1_179' title='bbox 732 1181 792 1218; x_wconf 90' lang='lat' dir='ltr'>nutrix</span> <span class='ocrx_word' id='word_1_180' title='bbox 807 1181 885 1224; x_wconf 81' lang='lat' dir='ltr'>maxime</span> 
     </span>
     <span class='ocr_line' id='line_1_25' title="bbox 149 1240 884 1289; baseline 0 -13"><span class='ocrx_word' id='word_1_181' title='bbox 149 1240 198 1278; x_wconf 87' lang='lat' dir='ltr'>decet</span> <span class='ocrx_word' id='word_1_182' title='bbox 211 1240 318 1284; x_wconf 85' lang='lat' dir='ltr'>monachos,</span> <span class='ocrx_word' id='word_1_183' title='bbox 332 1240 418 1289; x_wconf 87' lang='lat' dir='ltr'>quoniam</span> <span class='ocrx_word' id='word_1_184' title='bbox 435 1252 451 1277; x_wconf 88' lang='lat' dir='ltr'>et</span> <span class='ocrx_word' id='word_1_185' title='bbox 469 1241 520 1276; x_wconf 84' lang='lat' dir='ltr'>mites</span> <span class='ocrx_word' id='word_1_186' title='bbox 536 1240 586 1286; x_wconf 83' lang='lat' dir='ltr'>iacit,</span> <span class='ocrx_word' id='word_1_187' title='bbox 603 1251 619 1277; x_wconf 87' lang='lat' dir='ltr'>et</span> <span class='ocrx_word' id='word_1_188' title='bbox 633 1250 743 1278; x_wconf 89' lang='lat' dir='ltr'>mansuetos.</span> <span class='ocrx_word' id='word_1_189' title='bbox 756 1240 822 1277; x_wconf 88' lang='lat' dir='ltr'>Omnis</span> <span class='ocrx_word' id='word_1_190' title='bbox 838 1240 884 1277; x_wconf 86' lang='lat' dir='ltr'>eninr</span> 
     </span>
     <span class='ocr_line' id='line_1_26' title="bbox 148 1298 885 1349; baseline -0.001 -13"><span class='ocrx_word' id='word_1_191' title='bbox 148 1298 234 1348; x_wconf 87' lang='lat' dir='ltr'>superbus</span> <span class='ocrx_word' id='word_1_192' title='bbox 251 1300 357 1348; x_wconf 83' lang='lat' dir='ltr'>impatiens,</span> <span class='ocrx_word' id='word_1_193' title='bbox 370 1309 387 1335; x_wconf 92' lang='lat' dir='ltr'>et</span> <span class='ocrx_word' id='word_1_194' title='bbox 404 1301 463 1336; x_wconf 87' lang='lat' dir='ltr'>omnis</span> <span class='ocrx_word' id='word_1_195' title='bbox 481 1312 564 1349; x_wconf 85' lang='lat' dir='ltr'>arrogans</span> <span class='ocrx_word' id='word_1_196' title='bbox 582 1300 723 1337; x_wconf 88' lang='lat' dir='ltr'>mansuetudinis</span> <span class='ocrx_word' id='word_1_197' title='bbox 741 1299 830 1337; x_wconf 85' lang='lat' dir='ltr'>inimicus.</span> <span class='ocrx_word' id='word_1_198' title='bbox 848 1299 885 1343; x_wconf 88' lang='lat' dir='ltr'>Qui</span> 
     </span>
     <span class='ocr_line' id='line_1_27' title="bbox 148 1358 885 1408; baseline 0 -13"><span class='ocrx_word' id='word_1_199' title='bbox 148 1358 220 1396; x_wconf 89' lang='lat' dir='ltr'>hnrnilis</span> <span class='ocrx_word' id='word_1_200' title='bbox 235 1369 261 1396; x_wconf 89' lang='lat' dir='ltr'>est</span> <span class='ocrx_word' id='word_1_201' title='bbox 275 1359 335 1405; x_wconf 85' lang='lat' dir='ltr'>corde,</span> <span class='ocrx_word' id='word_1_202' title='bbox 344 1358 397 1396; x_wconf 88' lang='lat' dir='ltr'>habet</span> <span class='ocrx_word' id='word_1_203' title='bbox 411 1360 428 1395; x_wconf 93' lang='lat' dir='ltr'>in</span> <span class='ocrx_word' id='word_1_204' title='bbox 442 1359 520 1396; x_wconf 89' lang='lat' dir='ltr'>adversis</span> <span class='ocrx_word' id='word_1_205' title='bbox 533 1372 566 1408; x_wconf 90' lang='lat' dir='ltr'>pro</span> <span class='ocrx_word' id='word_1_206' title='bbox 575 1359 610 1395; x_wconf 90' lang='lat' dir='ltr'>Dei</span> <span class='ocrx_word' id='word_1_207' title='bbox 623 1371 684 1395; x_wconf 90' lang='lat' dir='ltr'>amore</span> <span class='ocrx_word' id='word_1_208' title='bbox 696 1359 809 1407; x_wconf 83' lang='lat' dir='ltr'>patientiam:</span> <span class='ocrx_word' id='word_1_209' title='bbox 823 1369 845 1404; x_wconf 89' lang='lat' dir='ltr'>et,</span> <span class='ocrx_word' id='word_1_210' title='bbox 855 1360 885 1408; x_wconf 90' lang='lat' dir='ltr'>qui</span> 
     </span>
     <span class='ocr_line' id='line_1_28' title="bbox 148 1418 884 1467; baseline 0 -12"><span class='ocrx_word' id='word_1_211' title='bbox 148 1419 169 1456; x_wconf 87' lang='lat' dir='ltr'>ad</span> <span class='ocrx_word' id='word_1_212' title='bbox 183 1419 256 1455; x_wconf 90' lang='lat' dir='ltr'>iniurias</span> <span class='ocrx_word' id='word_1_213' title='bbox 270 1419 329 1456; x_wconf 82' lang='lat' dir='ltr'>animo</span> <span class='ocrx_word' id='word_1_214' title='bbox 343 1418 449 1467; x_wconf 86' lang='lat' dir='ltr'>tranquillus</span> <span class='ocrx_word' id='word_1_215' title='bbox 463 1428 494 1461; x_wconf 89' lang='lat' dir='ltr'>est,</span> <span class='ocrx_word' id='word_1_216' title='bbox 509 1418 597 1467; x_wconf 87' lang='lat' dir='ltr'>duplicem</span> <span class='ocrx_word' id='word_1_217' title='bbox 614 1427 693 1455; x_wconf 89' lang='lat' dir='ltr'>meretur</span> <span class='ocrx_word' id='word_1_218' title='bbox 706 1430 797 1456; x_wconf 87' lang='lat' dir='ltr'>coronam.</span> <span class='ocrx_word' id='word_1_219' title='bbox 811 1419 843 1456; x_wconf 87' lang='lat' dir='ltr'>Vir</span> <span class='ocrx_word' id='word_1_220' title='bbox 857 1431 884 1466; x_wconf 93' lang='lat' dir='ltr'>pa-</span> 
     </span>
     <span class='ocr_line' id='line_1_29' title="bbox 148 1477 884 1527; baseline -0.001 -12"><span class='ocrx_word' id='word_1_221' title='bbox 148 1479 193 1515; x_wconf 91' lang='lat' dir='ltr'>tiens</span> <span class='ocrx_word' id='word_1_222' title='bbox 206 1478 223 1514; x_wconf 94' lang='lat' dir='ltr'>in</span> <span class='ocrx_word' id='word_1_223' title='bbox 238 1479 316 1515; x_wconf 89' lang='lat' dir='ltr'>adversis</span> <span class='ocrx_word' id='word_1_224' title='bbox 330 1478 370 1515; x_wconf 91' lang='lat' dir='ltr'>Deo</span> <span class='ocrx_word' id='word_1_225' title='bbox 384 1478 484 1527; x_wconf 88' lang='lat' dir='ltr'>proximus:</span> <span class='ocrx_word' id='word_1_226' title='bbox 498 1479 528 1526; x_wconf 93' lang='lat' dir='ltr'>qui</span> <span class='ocrx_word' id='word_1_227' title='bbox 545 1487 604 1514; x_wconf 88' lang='lat' dir='ltr'>autem</span> <span class='ocrx_word' id='word_1_228' title='bbox 622 1477 718 1527; x_wconf 89' lang='lat' dir='ltr'>superbus,</span> <span class='ocrx_word' id='word_1_229' title='bbox 733 1487 750 1515; x_wconf 88' lang='lat' dir='ltr'>et</span> <span class='ocrx_word' id='word_1_230' title='bbox 763 1479 838 1515; x_wconf 89' lang='lat' dir='ltr'>immitis</span> <span class='ocrx_word' id='word_1_231' title='bbox 853 1488 884 1521; x_wconf 91' lang='lat' dir='ltr'>est,</span> 
     </span>
     <span class='ocr_line' id='line_1_30' title="bbox 147 1537 883 1587; baseline -0.001 -12"><span class='ocrx_word' id='word_1_232' title='bbox 147 1538 228 1575; x_wconf 84' lang='lat' dir='ltr'>laetificat</span> <span class='ocrx_word' id='word_1_233' title='bbox 240 1539 330 1575; x_wconf 86' lang='lat' dir='ltr'>inimicos.</span> <span class='ocrx_word' id='word_1_234' title='bbox 345 1539 393 1575; x_wconf 88' lang='lat' dir='ltr'>Dicit</span> <span class='ocrx_word' id='word_1_235' title='bbox 402 1550 477 1587; x_wconf 88' lang='lat' dir='ltr'>namque</span> <span class='ocrx_word' id='word_1_236' title='bbox 487 1539 578 1586; x_wconf 85' lang='lat' dir='ltr'>scriptura:</span> <span class='ocrx_word' id='word_1_237' title='bbox 588 1537 652 1575; x_wconf 83' lang='lat' dir='ltr'>lllelior</span> <span class='ocrx_word' id='word_1_238' title='bbox 666 1546 692 1574; x_wconf 94' lang='lat' dir='ltr'>est</span> <span class='ocrx_word' id='word_1_239' title='bbox 705 1538 773 1586; x_wconf 89' lang='lat' dir='ltr'>patiens</span> <span class='ocrx_word' id='word_1_240' title='bbox 787 1539 825 1575; x_wconf 93' lang='lat' dir='ltr'>viro</span> <span class='ocrx_word' id='word_1_241' title='bbox 835 1538 883 1583; x_wconf 86' lang='lat' dir='ltr'>forti,</span> 
     </span>
     <span class='ocr_line' id='line_1_31' title="bbox 147 1594 884 1645; baseline -0.001 -12"><span class='ocrx_word' id='word_1_242' title='bbox 147 1597 201 1645; x_wconf 86' lang='lat' dir='ltr'>etqui</span> <span class='ocrx_word' id='word_1_243' title='bbox 209 1596 310 1634; x_wconf 88' lang='lat' dir='ltr'>dominatur</span> <span class='ocrx_word' id='word_1_244' title='bbox 318 1598 377 1633; x_wconf 85' lang='lat' dir='ltr'>animo</span> <span class='ocrx_word' id='word_1_245' title='bbox 385 1609 425 1642; x_wconf 87' lang='lat' dir='ltr'>suo,</span> <span class='ocrx_word' id='word_1_246' title='bbox 435 1606 555 1645; x_wconf 81' lang='lat' dir='ltr'>expugnatore</span> <span class='ocrx_word' id='word_1_247' title='bbox 563 1594 639 1641; x_wconf 90' lang='lat' dir='ltr'>urbium,</span> <span class='ocrx_word' id='word_1_248' title='bbox 649 1596 724 1633; x_wconf 90' lang='lat' dir='ltr'>Sanctus</span> <span class='ocrx_word' id='word_1_249' title='bbox 734 1609 806 1645; x_wconf 89' lang='lat' dir='ltr'>quoque</span> <span class='ocrx_word' id='word_1_250' title='bbox 815 1595 884 1645; x_wconf 89' lang='lat' dir='ltr'>praesul</span> 
     </span>
     <span class='ocr_line' id='line_1_32' title="bbox 147 1653 883 1704; baseline -0.003 -12"><span class='ocrx_word' id='word_1_251' title='bbox 147 1657 265 1704; x_wconf 88' lang='lat' dir='ltr'>Augustinus.</span> <span class='ocrx_word' id='word_1_252' title='bbox 279 1656 353 1692; x_wconf 88' lang='lat' dir='ltr'>Paratus</span> <span class='ocrx_word' id='word_1_253' title='bbox 363 1653 418 1699; x_wconf 45' lang='lat' dir='ltr'>,debet</span> <span class='ocrx_word' id='word_1_254' title='bbox 432 1668 470 1692; x_wconf 92' lang='lat' dir='ltr'>esse</span> <span class='ocrx_word' id='word_1_255' title='bbox 484 1654 539 1692; x_wconf 90' lang='lat' dir='ltr'>homo</span> <span class='ocrx_word' id='word_1_256' title='bbox 553 1656 615 1699; x_wconf 90' lang='lat' dir='ltr'>iustus,</span> <span class='ocrx_word' id='word_1_257' title='bbox 630 1665 646 1693; x_wconf 90' lang='lat' dir='ltr'>et</span> <span class='ocrx_word' id='word_1_258' title='bbox 659 1655 708 1703; x_wconf 83' lang='lat' dir='ltr'>pins,</span> <span class='ocrx_word' id='word_1_259' title='bbox 723 1655 811 1704; x_wconf 85' lang='lat' dir='ltr'>patienter</span> <span class='ocrx_word' id='word_1_260' title='bbox 822 1667 883 1692; x_wconf 91' lang='lat' dir='ltr'>eorum</span> 
     </span>
     <span class='ocr_line' id='line_1_33' title="bbox 147 1713 884 1764; baseline -0.001 -12"><span class='ocrx_word' id='word_1_261' title='bbox 147 1715 233 1753; x_wconf 88' lang='lat' dir='ltr'>malitiam</span> <span class='ocrx_word' id='word_1_262' title='bbox 247 1715 339 1759; x_wconf 91' lang='lat' dir='ltr'>sustinere,</span> <span class='ocrx_word' id='word_1_263' title='bbox 354 1727 399 1764; x_wconf 87' lang='lat' dir='ltr'>quos</span> <span class='ocrx_word' id='word_1_264' title='bbox 412 1714 451 1752; x_wconf 84' lang='lat' dir='ltr'>fieri</span> <span class='ocrx_word' id='word_1_265' title='bbox 464 1713 520 1752; x_wconf 86' lang='lat' dir='ltr'>bonos</span> <span class='ocrx_word' id='word_1_266' title='bbox 534 1716 592 1764; x_wconf 88' lang='lat' dir='ltr'>cupit,</span> <span class='ocrx_word' id='word_1_267' title='bbox 607 1725 626 1752; x_wconf 91' lang='lat' dir='ltr'>nt</span> <span class='ocrx_word' id='word_1_268' title='bbox 639 1715 700 1764; x_wconf 91' lang='lat' dir='ltr'>potius</span> <span class='ocrx_word' id='word_1_269' title='bbox 718 1727 803 1751; x_wconf 89' lang='lat' dir='ltr'>numerus</span> <span class='ocrx_word' id='word_1_270' title='bbox 817 1724 884 1751; x_wconf 91' lang='lat' dir='ltr'>crescat</span> 
     </span>
     <span class='ocr_line' id='line_1_34' title="bbox 147 1773 884 1823; baseline -0.003 -11"><span class='ocrx_word' id='word_1_271' title='bbox 147 1774 242 1821; x_wconf 85' lang='lat' dir='ltr'>bonorum,</span> <span class='ocrx_word' id='word_1_272' title='bbox 254 1785 270 1812; x_wconf 87' lang='lat' dir='ltr'>et</span> <span class='ocrx_word' id='word_1_273' title='bbox 284 1788 321 1811; x_wconf 94' lang='lat' dir='ltr'>non</span> <span class='ocrx_word' id='word_1_274' title='bbox 333 1775 371 1823; x_wconf 89' lang='lat' dir='ltr'>pari</span> <span class='ocrx_word' id='word_1_275' title='bbox 385 1773 452 1811; x_wconf 88' lang='lat' dir='ltr'>malitia</span> <span class='ocrx_word' id='word_1_276' title='bbox 466 1775 533 1823; x_wconf 89' lang='lat' dir='ltr'>sequis</span> <span class='ocrx_word' id='word_1_277' title='bbox 542 1787 617 1811; x_wconf 91' lang='lat' dir='ltr'>numero</span> <span class='ocrx_word' id='word_1_278' title='bbox 626 1773 679 1811; x_wconf 80' lang='lat' dir='ltr'>addat</span> <span class='ocrx_word' id='word_1_279' title='bbox 688 1774 784 1812; x_wconf 88' lang='lat' dir='ltr'>malorum.</span> <span class='ocrx_word' id='word_1_280' title='bbox 797 1774 828 1811; x_wconf 89' lang='lat' dir='ltr'>Est</span> <span class='ocrx_word' id='word_1_281' title='bbox 837 1773 884 1811; x_wconf 92' lang='lat' dir='ltr'>enirn</span> 
     </span>
     <span class='ocr_line' id='line_1_35' title="bbox 147 1834 883 1883; baseline -0.001 -12"><span class='ocrx_word' id='word_1_282' title='bbox 147 1835 197 1872; x_wconf 88' lang='lat' dir='ltr'>nobis</span> <span class='ocrx_word' id='word_1_283' title='bbox 211 1836 294 1883; x_wconf 89' lang='lat' dir='ltr'>patientia</span> <span class='ocrx_word' id='word_1_284' title='bbox 308 1835 385 1872; x_wconf 87' lang='lat' dir='ltr'>multum</span> <span class='ocrx_word' id='word_1_285' title='bbox 400 1834 502 1877; x_wconf 89' lang='lat' dir='ltr'>necessaria,</span> <span class='ocrx_word' id='word_1_286' title='bbox 514 1834 583 1879; x_wconf 83' lang='lat' dir='ltr'>fratres,</span> <span class='ocrx_word' id='word_1_287' title='bbox 593 1843 612 1871; x_wconf 91' lang='lat' dir='ltr'>ut</span> <span class='ocrx_word' id='word_1_288' title='bbox 625 1834 737 1872; x_wconf 87' lang='lat' dir='ltr'>voluntatem</span> <span class='ocrx_word' id='word_1_289' title='bbox 746 1834 780 1870; x_wconf 88' lang='lat' dir='ltr'>Dei</span> <span class='ocrx_word' id='word_1_290' title='bbox 794 1834 883 1878; x_wconf 81' lang='lat' dir='ltr'>iacientes,</span> 
     </span>
     <span class='ocr_line' id='line_1_36' title="bbox 144 1891 884 1943; baseline -0.001 -12"><span class='ocrx_word' id='word_1_291' title='bbox 144 1903 222 1932; x_wconf 85' lang='lat' dir='ltr'>sanctam</span> <span class='ocrx_word' id='word_1_292' title='bbox 236 1896 253 1931; x_wconf 91' lang='lat' dir='ltr'>in</span> <span class='ocrx_word' id='word_1_293' title='bbox 267 1894 340 1931; x_wconf 90' lang='lat' dir='ltr'>Christo</span> <span class='ocrx_word' id='word_1_294' title='bbox 357 1903 469 1942; x_wconf 89' lang='lat' dir='ltr'>reportemus</span> <span class='ocrx_word' id='word_1_295' title='bbox 487 1891 630 1942; x_wconf 84' lang='lat' dir='ltr'>promissionem.</span> <span class='ocrx_word' id='word_1_296' title='bbox 644 1893 701 1931; x_wconf 88' lang='lat' dir='ltr'>Nobis</span> <span class='ocrx_word' id='word_1_297' title='bbox 719 1893 799 1943; x_wconf 83' lang='lat' dir='ltr'>quotidie</span> <span class='ocrx_word' id='word_1_298' title='bbox 813 1893 884 1939; x_wconf 86' lang='lat' dir='ltr'>adsunt,</span> 
     </span>
     <span class='ocr_line' id='line_1_37' title="bbox 146 1953 883 2003; baseline -0.001 -13"><span class='ocrx_word' id='word_1_299' title='bbox 146 1953 210 2003; x_wconf 82' lang='lat' dir='ltr'>quibus</span> <span class='ocrx_word' id='word_1_300' title='bbox 224 1954 343 1991; x_wconf 80' lang='lat' dir='ltr'>exercitentur</span> <span class='ocrx_word' id='word_1_301' title='bbox 357 1953 436 1999; x_wconf 83' lang='lat' dir='ltr'>adversa,</span> <span class='ocrx_word' id='word_1_302' title='bbox 447 1962 541 2002; x_wconf 86' lang='lat' dir='ltr'>propterea</span> <span class='ocrx_word' id='word_1_303' title='bbox 550 1953 601 1989; x_wconf 91' lang='lat' dir='ltr'>sicuti</span> <span class='ocrx_word' id='word_1_304' title='bbox 611 1953 716 1990; x_wconf 81' lang='lat' dir='ltr'>tolerantiae</span> <span class='ocrx_word' id='word_1_305' title='bbox 729 1965 820 2002; x_wconf 89' lang='lat' dir='ltr'>nunquam</span> <span class='ocrx_word' id='word_1_306' title='bbox 834 1953 883 1990; x_wconf 87' lang='lat' dir='ltr'>deest</span> 
     </span>
     <span class='ocr_line' id='line_1_38' title="bbox 146 2011 883 2062; baseline -0.001 -13"><span class='ocrx_word' id='word_1_307' title='bbox 146 2025 205 2058; x_wconf 83' lang='lat' dir='ltr'>causa,</span> <span class='ocrx_word' id='word_1_308' title='bbox 219 2013 243 2050; x_wconf 87' lang='lat' dir='ltr'>ita</span> <span class='ocrx_word' id='word_1_309' title='bbox 257 2025 331 2062; x_wconf 87' lang='lat' dir='ltr'>precor,</span> <span class='ocrx_word' id='word_1_310' title='bbox 344 2013 443 2049; x_wconf 88' lang='lat' dir='ltr'>necessaria</span> <span class='ocrx_word' id='word_1_311' title='bbox 459 2025 529 2061; x_wconf 88' lang='lat' dir='ltr'>semper</span> <span class='ocrx_word' id='word_1_312' title='bbox 542 2011 587 2049; x_wconf 90' lang='lat' dir='ltr'>adsit</span> <span class='ocrx_word' id='word_1_313' title='bbox 601 2012 690 2060; x_wconf 83' lang='lat' dir='ltr'>patientia.</span> <span class='ocrx_word' id='word_1_314' title='bbox 704 2012 766 2061; x_wconf 89' lang='lat' dir='ltr'>lnopia</span> <span class='ocrx_word' id='word_1_315' title='bbox 780 2023 796 2049; x_wconf 89' lang='lat' dir='ltr'>et</span> <span class='ocrx_word' id='word_1_316' title='bbox 809 2025 883 2061; x_wconf 88' lang='lat' dir='ltr'>pauper-</span> 
     </span>
     <span class='ocr_line' id='line_1_39' title="bbox 145 2070 883 2121; baseline -0.001 -12"><span class='ocrx_word' id='word_1_317' title='bbox 145 2082 181 2109; x_wconf 87' lang='lat' dir='ltr'>tate</span> <span class='ocrx_word' id='word_1_318' title='bbox 195 2072 335 2109; x_wconf 85' lang='lat' dir='ltr'>necessariarum</span> <span class='ocrx_word' id='word_1_319' title='bbox 349 2084 409 2108; x_wconf 85' lang='lat' dir='ltr'>rerunr</span> <span class='ocrx_word' id='word_1_320' title='bbox 422 2072 546 2121; x_wconf 86' lang='lat' dir='ltr'>opprimimur,</span> <span class='ocrx_word' id='word_1_321' title='bbox 557 2072 613 2108; x_wconf 87' lang='lat' dir='ltr'>carnis</span> <span class='ocrx_word' id='word_1_322' title='bbox 626 2070 708 2109; x_wconf 88' lang='lat' dir='ltr'>infirmae</span> <span class='ocrx_word' id='word_1_323' title='bbox 723 2075 832 2109; x_wconf 88' lang='lat' dir='ltr'>commercio</span> <span class='ocrx_word' id='word_1_324' title='bbox 843 2083 883 2120; x_wconf 83' lang='lat' dir='ltr'>gra-</span> 
     </span>
     <span class='ocr_line' id='line_1_40' title="bbox 145 2130 882 2179; baseline -0.001 -11"><span class='ocrx_word' id='word_1_325' title='bbox 145 2145 213 2178; x_wconf 84' lang='lat' dir='ltr'>vamur,</span> <span class='ocrx_word' id='word_1_326' title='bbox 227 2142 284 2168; x_wconf 83' lang='lat' dir='ltr'>tentat</span> <span class='ocrx_word' id='word_1_327' title='bbox 297 2141 388 2179; x_wconf 91' lang='lat' dir='ltr'>praeterea</span> <span class='ocrx_word' id='word_1_328' title='bbox 402 2144 435 2168; x_wconf 92' lang='lat' dir='ltr'>nos</span> <span class='ocrx_word' id='word_1_329' title='bbox 448 2131 531 2178; x_wconf 89' lang='lat' dir='ltr'>mundus,</span> <span class='ocrx_word' id='word_1_330' title='bbox 545 2142 564 2168; x_wconf 88' lang='lat' dir='ltr'>ut</span> <span class='ocrx_word' id='word_1_331' title='bbox 578 2131 648 2175; x_wconf 89' lang='lat' dir='ltr'>alliciat,</span> <span class='ocrx_word' id='word_1_332' title='bbox 658 2140 714 2168; x_wconf 92' lang='lat' dir='ltr'>tentat</span> <span class='ocrx_word' id='word_1_333' title='bbox 729 2130 816 2177; x_wconf 84' lang='lat' dir='ltr'>diabolus,</span> <span class='ocrx_word' id='word_1_334' title='bbox 826 2141 845 2167; x_wconf 92' lang='lat' dir='ltr'>ut</span> <span class='ocrx_word' id='word_1_335' title='bbox 856 2144 882 2168; x_wconf 88' lang='lat' dir='ltr'>se-</span> 
     </span>
     <span class='ocr_line' id='line_1_41' title="bbox 145 2189 883 2237; baseline 0 -10"><span class='ocrx_word' id='word_1_336' title='bbox 145 2191 203 2228; x_wconf 89' lang='lat' dir='ltr'>ducat.</span> <span class='ocrx_word' id='word_1_337' title='bbox 217 2191 264 2228; x_wconf 93' lang='lat' dir='ltr'>lnter</span> <span class='ocrx_word' id='word_1_338' title='bbox 278 2200 304 2228; x_wconf 90' lang='lat' dir='ltr'>tot</span> <span class='ocrx_word' id='word_1_339' title='bbox 318 2191 379 2227; x_wconf 87' lang='lat' dir='ltr'>salutis</span> <span class='ocrx_word' id='word_1_340' title='bbox 393 2201 464 2228; x_wconf 87' lang='lat' dir='ltr'>nostrae</span> <span class='ocrx_word' id='word_1_341' title='bbox 478 2189 587 2228; x_wconf 87' lang='lat' dir='ltr'>adversarios</span> <span class='ocrx_word' id='word_1_342' title='bbox 601 2191 721 2228; x_wconf 87' lang='lat' dir='ltr'>necessarium</span> <span class='ocrx_word' id='word_1_343' title='bbox 736 2200 768 2237; x_wconf 80' lang='lat' dir='ltr'>est,</span> <span class='ocrx_word' id='word_1_344' title='bbox 779 2190 850 2234; x_wconf 84' lang='lat' dir='ltr'>fratres,</span> <span class='ocrx_word' id='word_1_345' title='bbox 864 2199 883 2227; x_wconf 92' lang='lat' dir='ltr'>ut</span> 
     </span>
     <span class='ocr_line' id='line_1_42' title="bbox 145 2250 883 2300; baseline 0 -13"><span class='ocrx_word' id='word_1_346' title='bbox 145 2252 162 2287; x_wconf 94' lang='lat' dir='ltr'>in</span> <span class='ocrx_word' id='word_1_347' title='bbox 177 2252 225 2287; x_wconf 92' lang='lat' dir='ltr'>omni</span> <span class='ocrx_word' id='word_1_348' title='bbox 239 2251 331 2299; x_wconf 87' lang='lat' dir='ltr'>parientia,</span> <span class='ocrx_word' id='word_1_349' title='bbox 347 2260 363 2287; x_wconf 93' lang='lat' dir='ltr'>et</span> <span class='ocrx_word' id='word_1_350' title='bbox 377 2250 477 2288; x_wconf 91' lang='lat' dir='ltr'>humilitate</span> <span class='ocrx_word' id='word_1_351' title='bbox 490 2251 589 2299; x_wconf 82' lang='lat' dir='ltr'>vigilemus,</span> <span class='ocrx_word' id='word_1_352' title='bbox 603 2251 688 2300; x_wconf 90' lang='lat' dir='ltr'>qnoniam</span> <span class='ocrx_word' id='word_1_353' title='bbox 702 2252 720 2287; x_wconf 92' lang='lat' dir='ltr'>in</span> <span class='ocrx_word' id='word_1_354' title='bbox 734 2251 766 2288; x_wconf 87' lang='lat' dir='ltr'>hac</span> <span class='ocrx_word' id='word_1_355' title='bbox 782 2252 883 2300; x_wconf 86' lang='lat' dir='ltr'>peregrina-</span> 
     </span>
     <span class='ocr_line' id='line_1_43' title="bbox 145 2308 882 2358; baseline -0.001 -12"><span class='ocrx_word' id='word_1_356' title='bbox 145 2311 192 2346; x_wconf 87' lang='lat' dir='ltr'>tione</span> <span class='ocrx_word' id='word_1_357' title='bbox 206 2310 284 2357; x_wconf 87' lang='lat' dir='ltr'>quandiu</span> <span class='ocrx_word' id='word_1_358' title='bbox 298 2310 381 2353; x_wconf 86' lang='lat' dir='ltr'>vivimus,</span> <span class='ocrx_word' id='word_1_359' title='bbox 391 2309 409 2345; x_wconf 91' lang='lat' dir='ltr'>in</span> <span class='ocrx_word' id='word_1_360' title='bbox 418 2308 483 2353; x_wconf 90' lang='lat' dir='ltr'>medio,</span> <span class='ocrx_word' id='word_1_361' title='bbox 494 2320 512 2346; x_wconf 93' lang='lat' dir='ltr'>ut</span> <span class='ocrx_word' id='word_1_362' title='bbox 522 2311 545 2347; x_wconf 88' lang='lat' dir='ltr'>ita</span> <span class='ocrx_word' id='word_1_363' title='bbox 558 2309 639 2356; x_wconf 87' lang='lat' dir='ltr'>dixerim,</span> <span class='ocrx_word' id='word_1_364' title='bbox 649 2308 737 2346; x_wconf 87' lang='lat' dir='ltr'>malorum</span> <span class='ocrx_word' id='word_1_365' title='bbox 746 2310 801 2358; x_wconf 86' lang='lat' dir='ltr'>positi</span> <span class='ocrx_word' id='word_1_366' title='bbox 814 2322 882 2346; x_wconf 88' lang='lat' dir='ltr'>sumus.</span> 
     </span>
     <span class='ocr_line' id='line_1_44' title="bbox 144 2367 881 2418; baseline 0 -13"><span class='ocrx_word' id='word_1_367' title='bbox 144 2367 222 2405; x_wconf 87' lang='lat' dir='ltr'>Sufficiat</span> <span class='ocrx_word' id='word_1_368' title='bbox 236 2368 287 2406; x_wconf 92' lang='lat' dir='ltr'>nobis</span> <span class='ocrx_word' id='word_1_369' title='bbox 301 2378 395 2417; x_wconf 87' lang='lat' dir='ltr'>paupertas</span> <span class='ocrx_word' id='word_1_370' title='bbox 409 2378 469 2406; x_wconf 88' lang='lat' dir='ltr'>nostra</span> <span class='ocrx_word' id='word_1_371' title='bbox 483 2379 558 2417; x_wconf 86' lang='lat' dir='ltr'>oportet,</span> <span class='ocrx_word' id='word_1_372' title='bbox 573 2370 613 2418; x_wconf 90' lang='lat' dir='ltr'>quia</span> <span class='ocrx_word' id='word_1_373' title='bbox 627 2381 663 2407; x_wconf 92' lang='lat' dir='ltr'>non</span> <span class='ocrx_word' id='word_1_374' title='bbox 677 2378 703 2405; x_wconf 91' lang='lat' dir='ltr'>est</span> <span class='ocrx_word' id='word_1_375' title='bbox 717 2369 825 2406; x_wconf 89' lang='lat' dir='ltr'>monasticae</span> <span class='ocrx_word' id='word_1_376' title='bbox 841 2368 881 2406; x_wconf 93' lang='lat' dir='ltr'>reli-</span> 
     </span>
     <span class='ocr_line' id='line_1_45' title="bbox 144 2427 882 2478; baseline -0.003 -13"><span class='ocrx_word' id='word_1_377' title='bbox 144 2428 202 2477; x_wconf 87' lang='lat' dir='ltr'>gionis</span> <span class='ocrx_word' id='word_1_378' title='bbox 216 2429 233 2464; x_wconf 93' lang='lat' dir='ltr'>in</span> <span class='ocrx_word' id='word_1_379' title='bbox 247 2427 376 2476; x_wconf 86' lang='lat' dir='ltr'>temporalibus</span> <span class='ocrx_word' id='word_1_380' title='bbox 390 2428 471 2474; x_wconf 84' lang='lat' dir='ltr'>exaltari,</span> <span class='ocrx_word' id='word_1_381' title='bbox 485 2428 515 2465; x_wconf 89' lang='lat' dir='ltr'>sed</span> <span class='ocrx_word' id='word_1_382' title='bbox 532 2428 592 2476; x_wconf 90' lang='lat' dir='ltr'>potius</span> <span class='ocrx_word' id='word_1_383' title='bbox 605 2428 691 2476; x_wconf 86' lang='lat' dir='ltr'>deprimi,</span> <span class='ocrx_word' id='word_1_384' title='bbox 706 2438 724 2478; x_wconf 89' lang='lat' dir='ltr'>ut</span> <span class='ocrx_word' id='word_1_385' title='bbox 742 2428 825 2465; x_wconf 84' lang='lat' dir='ltr'>monachi</span> <span class='ocrx_word' id='word_1_386' title='bbox 841 2440 882 2476; x_wconf 87' lang='lat' dir='ltr'>pau·</span> 
     </span>
     <span class='ocr_line' id='line_1_46' title="bbox 144 2486 882 2536; baseline -0.001 -13"><span class='ocrx_word' id='word_1_387' title='bbox 144 2500 194 2535; x_wconf 87' lang='lat' dir='ltr'>peres</span> <span class='ocrx_word' id='word_1_388' title='bbox 209 2487 301 2524; x_wconf 86' lang='lat' dir='ltr'>Christum</span> <span class='ocrx_word' id='word_1_389' title='bbox 319 2488 409 2524; x_wconf 86' lang='lat' dir='ltr'>imitantes</span> <span class='ocrx_word' id='word_1_390' title='bbox 427 2500 459 2536; x_wconf 92' lang='lat' dir='ltr'>pro</span> <span class='ocrx_word' id='word_1_391' title='bbox 473 2486 524 2524; x_wconf 87' lang='lat' dir='ltr'>nobis</span> <span class='ocrx_word' id='word_1_392' title='bbox 537 2500 633 2536; x_wconf 88' lang='lat' dir='ltr'>pauperem</span> <span class='ocrx_word' id='word_1_393' title='bbox 651 2486 730 2533; x_wconf 82' lang='lat' dir='ltr'>iactum,</span> <span class='ocrx_word' id='word_1_394' title='bbox 745 2488 762 2524; x_wconf 86' lang='lat' dir='ltr'>in</span> <span class='ocrx_word' id='word_1_395' title='bbox 776 2496 882 2536; x_wconf 91' lang='lat' dir='ltr'>perpetuum</span> 
     </span>
     <span class='ocr_line' id='line_1_47' title="bbox 146 2546 881 2596; baseline -0.001 -14"><span class='ocrx_word' id='word_1_396' title='bbox 146 2559 185 2582; x_wconf 86' lang='lat' dir='ltr'>cum</span> <span class='ocrx_word' id='word_1_397' title='bbox 199 2560 220 2583; x_wconf 90' lang='lat' dir='ltr'>eo</span> <span class='ocrx_word' id='word_1_398' title='bbox 229 2547 247 2584; x_wconf 90' lang='lat' dir='ltr'>in</span> <span class='ocrx_word' id='word_1_399' title='bbox 257 2546 311 2584; x_wconf 88' lang='lat' dir='ltr'>coelis</span> <span class='ocrx_word' id='word_1_400' title='bbox 321 2559 423 2583; x_wconf 84' lang='lat' dir='ltr'>mereamur</span> <span class='ocrx_word' id='word_1_401' title='bbox 432 2546 510 2596; x_wconf 87' lang='lat' dir='ltr'>gloriari.</span> <span class='ocrx_word' id='word_1_402' title='bbox 524 2546 573 2591; x_wconf 88' lang='lat' dir='ltr'>Quid</span> <span class='ocrx_word' id='word_1_403' title='bbox 586 2548 600 2583; x_wconf 92' lang='lat' dir='ltr'>si</span> <span class='ocrx_word' id='word_1_404' title='bbox 614 2546 671 2584; x_wconf 90' lang='lat' dir='ltr'>malos</span> <span class='ocrx_word' id='word_1_405' title='bbox 685 2557 702 2583; x_wconf 90' lang='lat' dir='ltr'>et</span> <span class='ocrx_word' id='word_1_406' title='bbox 716 2555 818 2595; x_wconf 86' lang='lat' dir='ltr'>peccatores</span> <span class='ocrx_word' id='word_1_407' title='bbox 828 2558 881 2595; x_wconf 85' lang='lat' dir='ltr'>quos-</span> 
     </span>
     <span class='ocr_line' id='line_1_48' title="bbox 143 2604 880 2650; baseline 0 -9"><span class='ocrx_word' id='word_1_408' title='bbox 143 2604 183 2642; x_wconf 91' lang='lat' dir='ltr'>dam</span> <span class='ocrx_word' id='word_1_409' title='bbox 197 2606 214 2641; x_wconf 91' lang='lat' dir='ltr'>in</span> <span class='ocrx_word' id='word_1_410' title='bbox 227 2606 298 2643; x_wconf 90' lang='lat' dir='ltr'>saeculo</span> <span class='ocrx_word' id='word_1_411' title='bbox 313 2606 406 2643; x_wconf 83' lang='lat' dir='ltr'>videmnus</span> <span class='ocrx_word' id='word_1_412' title='bbox 420 2605 508 2642; x_wconf 82' lang='lat' dir='ltr'>abatrrdare</span> <span class='ocrx_word' id='word_1_413' title='bbox 521 2605 599 2643; x_wconf 90' lang='lat' dir='ltr'>divitiis?</span> <span class='ocrx_word' id='word_1_414' title='bbox 613 2606 631 2643; x_wconf 93' lang='lat' dir='ltr'>Si</span> <span class='ocrx_word' id='word_1_415' title='bbox 644 2605 687 2642; x_wconf 85' lang='lat' dir='ltr'>boni</span> <span class='ocrx_word' id='word_1_416' title='bbox 700 2606 793 2650; x_wconf 90' lang='lat' dir='ltr'>homines,</span> <span class='ocrx_word' id='word_1_417' title='bbox 808 2616 825 2643; x_wconf 89' lang='lat' dir='ltr'>et</span> <span class='ocrx_word' id='word_1_418' title='bbox 838 2607 880 2642; x_wconf 90' lang='lat' dir='ltr'>iusti</span> 
     </span>
     <span class='ocr_line' id='line_1_49' title="bbox 141 2664 879 2713; baseline -0.001 -12"><span class='ocrx_word' id='word_1_419' title='bbox 141 2665 159 2701; x_wconf 90' lang='lat' dir='ltr'>ln</span> <span class='ocrx_word' id='word_1_420' title='bbox 172 2664 207 2701; x_wconf 90' lang='lat' dir='ltr'>hoc</span> <span class='ocrx_word' id='word_1_421' title='bbox 221 2664 288 2702; x_wconf 88' lang='lat' dir='ltr'>mundo</span> <span class='ocrx_word' id='word_1_422' title='bbox 302 2675 343 2701; x_wconf 93' lang='lat' dir='ltr'>sunt</span> <span class='ocrx_word' id='word_1_423' title='bbox 357 2664 427 2711; x_wconf 87' lang='lat' dir='ltr'>divites,</span> <span class='ocrx_word' id='word_1_424' title='bbox 441 2677 503 2701; x_wconf 87' lang='lat' dir='ltr'>eorum</span> <span class='ocrx_word' id='word_1_425' title='bbox 518 2678 553 2703; x_wconf 90' lang='lat' dir='ltr'>non</span> <span class='ocrx_word' id='word_1_426' title='bbox 566 2664 676 2711; x_wconf 86' lang='lat' dir='ltr'>fortitudini,</span> <span class='ocrx_word' id='word_1_427' title='bbox 690 2665 720 2702; x_wconf 90' lang='lat' dir='ltr'>sed</span> <span class='ocrx_word' id='word_1_428' title='bbox 734 2664 836 2703; x_wconf 87' lang='lat' dir='ltr'>infirmitati</span> <span class='ocrx_word' id='word_1_429' title='bbox 848 2676 879 2713; x_wconf 92' lang='lat' dir='ltr'>per</span> 
     </span>
    </p>
   </div>
   <div class='ocr_carea' id='block_1_5' title="bbox 0 0 988 3023">
    <p class='ocr_par' dir='ltr' id='par_1_5' title="bbox 0 0 988 3023">
     <span class='ocr_line' id='line_1_50' title="bbox 0 0 988 3023; baseline 0 1"><span class='ocrx_word' id='word_1_430' title='bbox 0 0 988 3023; x_wconf 95' lang='lat' dir='ltr'> </span> 
     </span>
    </p>
   </div>
  </div>
 </body>
</html>
