1968 3023
374 119 451 157 Humilia
463 118 500 156 Vll.
782 128 806 164 47

71 200 102 239 tibi
116 215 136 240 ex
149 201 248 241 obedientia
261 202 368 252 iniungitur:
382 214 414 238 nec
427 199 458 238 tibi
472 199 538 237 durum
551 200 632 237 videatur
645 199 717 237 alterius
734 197 807 236 obedire

70 263 153 311 imperio,
166 275 198 312 pro
211 275 247 312 quo
260 262 332 312 spiritui
345 271 376 298 tuo
390 273 455 298 corona
472 258 673 298 aeternae'foelicitatis
691 269 806 308 praeparatur

72 323 90 360 in
103 322 166 361 Coelo.
176 322 227 361 Unde
241 322 300 360 nullus
314 320 363 366 labor
376 321 442 370 gravis,
452 320 522 357 nullum
535 330 607 368 tempus
621 319 701 367 longum,
711 318 758 356 nulia
767 318 806 356 Mo·

71 382 128 419 naeho
141 382 184 420 dura
196 382 254 419 videri
267 381 380 419 observantia
389 379 446 426 debet,
457 379 521 429 quibus
530 379 588 428 gloria
598 389 678 416 aeternae
690 377 805 415 beatitudinis

71 443 172 491 aequititur.
186 443 295 480 Brevitatem
309 442 361 479 huius
374 442 420 479 uitae
434 440 497 478 fratres
511 441 547 478 mei
561 439 672 489 perpendite,
683 449 699 477 et
713 439 760 488 agite
774 438 806 475 bo-

72 515 121 548 nurn,
138 502 215 551 quandiu
233 502 283 540 lieet:
298 502 382 551 quoniam
396 502 425 551 qui
439 513 485 538 nurrc
501 513 554 549 parce
571 500 653 546 seminat,
669 508 710 548 post
726 506 806 535 mortem

71 574 142 611 quoque
155 574 207 611 parce
220 572 237 599 et
252 572 317 600 metet:
331 571 347 599 et
361 574 392 610 pro
406 574 438 598 suo
452 561 575 610 unusquisque
585 572 639 608 opere
648 557 749 595 mercedem
763 570 806 594 eon-

72 622 143 671 diguam
156 632 259 672 recepturus
273 632 304 666 est,
314 635 350 660 non
364 635 395 672 pro
409 622 471 659 alieno.
481 620 582 658 Laborandi
595 630 665 669 tempus
678 618 805 657 brevissimum

72 692 108 718 est:
122 681 208 718 mercedis
233 694 283 728 vero,
297 695 341 731 quae
354 680 404 719 bonis
418 681 489 719 debetur
506 679 596 729 operibus,
609 680 744 728 sempiternum.
759 678 806 715 Con-

66 740 146 779 siderate
158 741 220 778 fratres
234 743 271 778 mei
284 742 366 778 homines
379 741 446 778 mundo
459 741 566 790 implicatos,
577 750 594 777 et
607 743 675 777 omnes
683 740 735 777 huius
749 737 805 775 seculi

71 809 171 847 amatores,
180 813 232 850 quam
246 794 301 838 furtes
315 810 356 838 sunt
369 801 386 837 in
400 800 451 837 rebus
464 800 545 844 terrenis,
559 809 612 849 atque
626 799 701 846 caducis,
714 800 732 836 in
746 797 804 836 coele-

71 858 126 896 stibus
140 872 182 897 vero
199 859 271 904 debiles,
286 870 304 897 et
316 859 388 904 infirmi,
404 869 423 896 ut
436 873 468 897 vos
486 860 576 896 intantum
588 860 628 896 Deo
646 859 714 908 placere
732 859 804 904 curetis,

71 928 157 967 quantum
170 918 201 965 illi,
214 928 234 955 ut
248 918 317 956 mundo
335 918 397 956 divites
415 928 515 968 appareant,
529 928 547 955 et
560 917 640 967 gloriosi,
654 919 737 955 continue
755 916 805 955 labo-

71 986 116 1014 rant.
126 978 172 1014 Nam
185 989 217 1025 pro
230 977 328 1025 temporali
340 977 397 1026 gloria
410 977 460 1014 multi
474 990 530 1026 usque
544 977 566 1014 ad
579 987 656 1014 mortem
670 975 754 1013 desudare
768 989 806 1013 non

72 1036 171 1086 refugiunt:
184 1036 215 1074 sed
228 1049 261 1084 pro
275 1049 307 1085 spe
320 1036 389 1073 futurae
402 1035 502 1073 foelicitatis
517 1036 571 1073 etiam
584 1048 654 1085 parum,
663 1036 691 1073 uel
704 1048 763 1084 agere,
776 1035 805 1072 uel

71 1097 158 1133 sustinere
171 1106 294 1133 contemnunt.
304 1097 338 1133 Pro
347 1097 421 1133 terrenis
435 1096 491 1147 lucris
498 1094 586 1145 quaslibet
594 1096 667 1133 iniurias
676 1096 806 1145 patientissime

72 1154 158 1192 tolerant:
173 1165 189 1192 et
202 1168 235 1204 pro
249 1154 323 1192 coelesti
336 1154 417 1192 mercede
430 1154 536 1202 substinere,
549 1155 578 1192 vel
591 1156 690 1201 tenuissimi
704 1154 752 1192 verbi
766 1167 807 1191 con-

72 1214 163 1251 tumeliam
180 1224 269 1252 recusant.
283 1215 328 1264 Regi
345 1224 422 1261 terreno,
435 1215 518 1264 Principi,
532 1214 561 1251 vel
574 1215 630 1252 ludici
647 1224 686 1252 toto
703 1214 731 1251 die
749 1213 806 1252 fortes

72 1284 146 1325 possunt
163 1275 253 1313 assistere:
268 1276 286 1312 in
299 1274 379 1312 oratione
397 1285 456 1312 autem
474 1287 535 1312 coram
553 1275 677 1323 omnipotente
690 1275 770 1312 Domino
784 1273 806 1311 ad

71 1335 123 1372 unius
136 1334 190 1372 horae
203 1335 283 1383 spacium
301 1344 390 1383 nequeunt
403 1335 502 1383 perdurare.
516 1334 574 1371 Multa
587 1347 619 1383 pro
632 1334 743 1384 acquirendis
759 1334 807 1383 peri-

71 1396 116 1431 turis
129 1393 194 1431 diuitiis
204 1394 278 1432 adversa
287 1393 361 1432 libenter
369 1393 455 1432 tolerant:
468 1407 545 1443 superna
553 1396 597 1432 vero
607 1393 653 1432 bona
662 1407 745 1444 quaerere
754 1402 805 1431 tanto

72 1455 128 1504 magis
141 1454 240 1504 negligunt,
249 1463 317 1503 quanto
330 1455 348 1490 in
362 1467 421 1491 amore
434 1455 546 1491 terrestrium
556 1453 676 1491 delectabilius
690 1464 805 1502 occupantur.

71 1514 140 1551 Horum
150 1527 182 1551 vos
192 1515 310 1558 conversatio¹
320 1513 382 1550 fratres
392 1512 496 1558 charissimi,
506 1513 602 1551 admoneat
612 1526 674 1550 omnes
681 1514 733 1551 huius
743 1512 806 1550 mundi

71 1586 120 1610 curas
134 1583 182 1611 tanto
195 1573 271 1623 amplius
286 1572 354 1622 fugere,
369 1582 434 1623 quanto
448 1574 483 1610 iam
496 1573 548 1619 uobis
562 1573 604 1610 licet
620 1575 678 1610 minus
694 1584 805 1621 terrenarum

71 1646 130 1670 rerum
143 1633 216 1682 negotia
232 1643 346 1683 pertractate.
360 1633 438 1671 Omnem
456 1633 597 1671 sollicitudinem
614 1644 698 1680 vestram,
713 1643 730 1672 et
743 1647 805 1671 curam

71 1705 103 1740 pro
117 1692 232 1741 acquisitione
246 1691 339 1729 celestium
352 1691 440 1730 bonnrurn
450 1706 520 1742 semper
529 1694 633 1742 impendite,
647 1705 664 1731 et
677 1707 710 1743 pro
723 1693 806 1730 mercede

72 1750 140 1788 futurae
155 1750 269 1788 beatitudinis
287 1748 337 1788 omni
354 1762 435 1800 tempore
452 1751 589 1801 diligentissime
605 1751 687 1790 laborate.
701 1753 748 1790 Nam
761 1753 806 1789 sicut

71 1811 157 1859 scriptura
169 1820 251 1855 testatur,
266 1810 330 1847 militia
343 1819 369 1847 est
382 1810 417 1847 vita
430 1821 488 1848 vestra
501 1825 555 1860 super
564 1821 639 1850 terram:
653 1822 670 1850 et
683 1825 806 1862 quaecumque

71 1869 127 1907 homo
140 1869 260 1914 seminaverit,
275 1868 318 1906 haec
331 1878 348 1906 et
361 1878 421 1906 metet.
431 1870 504 1916 Scitote,
515 1871 557 1920 quia
570 1884 619 1908 mors
628 1871 707 1920 quotidie
716 1881 806 1920 properat,

72 1938 88 1965 et
101 1927 174 1977 singulis
187 1928 285 1965 momentis
298 1941 338 1977 pars
351 1928 397 1965 vitae
409 1941 445 1966 non
458 1929 534 1978 amplius
544 1943 636 1968 reversura
649 1931 764 1980 extinguitur.
774 1930 806 1967 Vi-

71 1986 125 2036 gilare
137 1987 191 2036 igitur
203 1986 267 2023 fratres
281 1987 316 2024 mei
330 1987 435 2033 charissimi,
446 1975 528 2038 vigilate:
542 1990 584 2038 quia
598 1990 676 2036 nescitis,
687 1990 758 2040 quando
768 1990 806 2027 Do·

72 2047 131 2083 minus
140 2047 188 2084 Deus
197 2057 259 2084 noster
272 2045 294 2083 ad
306 2046 390 2084 iudicium
401 2048 463 2085 mortis
472 2049 612 2098 uniuscuiusque
621 2059 705 2090 uenturus
718 2052 747 2097 sir,
756 2063 804 2097 sero,

72 2118 93 2142 an
107 2105 164 2143 media
176 2116 234 2150 nocte,
248 2118 270 2143 an
283 2105 325 2155 galli
339 2115 397 2151 cantu,
406 2120 428 2144 an
440 2120 504 2154 mane;
519 2121 540 2145 ne
555 2121 596 2145 eum
609 2110 677 2146 venerit
690 2120 769 2159 repente,
779 2111 805 2147 in-

71 2166 129 2203 ueniat
142 2178 173 2203 vos
187 2165 303 2204 dormientes.
317 2165 394 2216 Vigilate
407 2167 466 2216 itaque
478 2167 529 2205 omni
541 2177 623 2218 tempore
636 2181 713 2217 orantes,
724 2181 743 2207 ut
756 2170 806 2220 digni

72 2225 171 2263 habeamini
183 2225 244 2275 fugere
258 2227 304 2263 mala
318 2227 383 2272 omnia,
397 2240 441 2277 quae
453 2227 513 2265 futura
527 2238 576 2274 sunt,
591 2239 607 2266 er
621 2239 667 2266 stare
684 2243 724 2267 cum
741 2230 806 2268 fiducia

71 2295 110 2322 aute
125 2296 239 2334 conspectum
253 2286 293 2323 Filii
302 2287 336 2323 Dei
350 2288 409 2324 omnia
418 2287 517 2325 iudicantis.
528 2287 598 2325 Omnes
612 2290 665 2336 enim,
674 2289 715 2327 divo
729 2300 806 2328 testante

72 2344 201 2393 Christoplrilo,
211 2344 297 2382 stabimus
307 2355 347 2383 ante
356 2345 432 2383 tribunal
441 2346 515 2392 Christi,
526 2357 546 2384 ut
559 2347 623 2385 referat
632 2350 752 2398 unusquisque
767 2362 806 2399 pro-

71 2404 109 2451 pria
122 2404 208 2453 corporis,
224 2415 277 2452 prout
291 2406 351 2454 gessit,
366 2405 402 2442 sive
415 2404 489 2452 bonum,
504 2406 542 2443 siue
559 2406 632 2445 malum.
645 2408 710 2444 Beatus
723 2408 753 2446 ille
767 2422 806 2447 mo-

71 2463 144 2509 nachus,
159 2477 211 2513 quem
225 2465 313 2502 invenerit
327 2466 416 2503 Dominus
429 2466 446 2503 in
459 2465 511 2503 bonis
524 2465 608 2514 operibus
621 2467 732 2516 vigilantem,
743 2470 774 2518 qui
788 2482 806 2506 se

72 2522 93 2560 ad
105 2525 175 2572 nuptias
185 2525 232 2574 Agni
242 2524 326 2562 coelestis
340 2526 358 2562 in
371 2538 412 2563 vera
425 2527 501 2575 puritate
515 2526 574 2564 cordis
588 2529 722 2576 praeparaverit,
733 2530 763 2578 qui
777 2543 807 2566 oc-

72 2594 142 2619 currere
156 2582 208 2620 iudici
222 2596 258 2620 non
271 2583 379 2622 formidabit.
389 2585 463 2634 Semper
476 2587 499 2623 sit
512 2585 556 2622 illud
570 2586 588 2623 in
602 2585 684 2624 cordibus
693 2589 756 2625 uestris
770 2602 807 2625 me-

72 2641 157 2679 morabile
166 2641 240 2680 verbum
249 2643 293 2680 Divi
301 2643 408 2693 Hieronymi
418 2657 470 2694 super
477 2644 595 2695 Evangelium
605 2655 686 2683 sanctum
694 2646 805 2684 Matthaeum

827 331 839 350 z.
846 323 877 350 Cor.
885 332 897 358 9.

841 677 914 704 Monachus

826 712 887 747 exemplo
893 720 914 738 se·
921 728 922 731 =

824 748 886 775 calatium
892 755 914 773 ex-

824 784 875 811 citetur.
