1968 3023
391 143 467 180 Humilia
482 144 530 181 XVI,
796 153 827 178 111

93 236 158 273 surgat.
172 224 216 262 Mor
228 234 248 261 ut
261 224 338 261 senseris
352 224 370 261 in
383 233 400 260 te
415 220 491 273 aliquem
506 224 547 261 oriri
562 235 660 272 torporem,
672 223 693 260 ad
707 223 828 260 amarissimae

93 284 180 333 passionis
193 284 267 321 Domini
281 283 337 321 nostri
347 283 386 320 Iesu
397 283 463 321 Christi
476 284 584 320 memoriam
599 281 700 332 confugito,
715 293 732 320 et
746 281 828 332 quicquid

93 342 167 380 acidiam
185 342 273 392 depellere
290 343 370 380 velocius
386 352 454 391 potest,
469 343 487 378 in
504 353 583 379 mentem
601 341 688 378 reducito.
707 341 767 377 Moras
781 353 828 377 rum-

93 403 137 451 pito,
148 415 216 452 precor,
228 415 296 446 omnes,
307 402 393 452 quoniam
402 411 464 451 torpor
474 401 538 438 mentis
549 399 607 438 subito
622 401 686 437 crescit
698 399 826 444 dissimulatus,

92 472 108 499 et
122 462 188 507 acidia,
203 475 248 512 quae
261 474 310 500 rrovo
324 461 394 499 fervore
408 462 473 499 mentis
491 474 527 498 non
543 461 604 497 statim
622 461 743 509 extinguitur,
756 460 774 496 in
789 472 828 508 gra-

92 534 132 557 vem
142 522 210 559 animae
218 522 316 570 perniciem
331 521 424 559 confestim
438 520 536 558 roboratur.
551 520 640 558 Omnium
651 520 698 557 enim
708 519 797 556 malorum
811 519 828 555 in

93 581 180 619 monacho
193 591 219 619 est
232 582 338 630 pessimum,
353 582 368 617 si
381 594 412 630 per
425 591 527 629 torporem,
541 592 558 618 et
571 579 647 627 acidiam
661 579 722 616 locum
741 580 758 615 in
774 578 827 616 corde

92 654 125 678 suo
138 643 245 691 praestiterit
258 642 356 678 seminario
369 642 460 679 vitiorum.
475 641 496 677 Et
510 639 571 686 vohis,
587 653 597 676 o
612 639 703 682 monachi¹
719 652 754 676 non
768 639 825 676 solum

92 701 177 750 quotidie,
185 702 216 738 sed
229 702 279 738 omni
292 701 343 747 hora,
353 710 405 750 atque
419 710 518 747 momento,
528 711 590 738 contra
604 700 650 736 hanc
663 698 739 735 bestiam
752 698 826 748 vigilan-

92 759 133 796 dunt
147 769 179 805 est,
193 760 277 809 quoniam
291 759 368 796 admissa
382 760 400 796 in
413 772 450 805 cor,
465 772 555 808 uunquam
568 758 607 796 sola
621 757 728 808 ingreditur,
743 757 825 795 sedeam

870 527 936 553 hlonncho

848 562 883 588 ocin
888 571 900 587 nr
920 563 935 587 in

847 597 902 631 primis
913 596 935 622 su·

847 631 914 666 giendum.

91 828 128 855 tota
148 819 248 867 congenea,
267 828 283 856 et
301 818 392 868 scaturigo
412 819 493 856 omnium
512 819 598 856 vitiorum
619 820 722 855 comitatur.
741 818 782 854 Non
799 826 825 854 est
867 826 870 829 ’

91 879 207 926 perniciosior
223 879 279 927 pestis
293 877 393 924 monacho,
406 891 459 927 quarn
477 891 541 927 corpor
559 877 634 923 acidiae,
648 890 679 925 per
697 890 750 926 quem
766 877 824 914 omnis

91 936 150 974 fervor
163 937 262 975 devotionis
272 937 387 986 extinguitur,
402 947 418 974 et
432 951 464 986 pro
478 937 524 975 fideli
538 937 625 985 obsequio
636 937 737 973 intermisso
748 937 823 986 ignauia,

91 1006 108 1033 et
121 998 161 1034 ocio
174 1009 225 1034 mens
242 997 259 1033 in
278 995 349 1034 foveam
363 997 491 1045 desperationis
506 997 571 1045 agitata
586 996 719 1045 praecipitatur.
733 996 748 1032 A
762 997 825 1032 sancti-

90 1058 130 1093 tatis
145 1058 237 1106 proposito
250 1057 338 1094 velociter
351 1056 410 1094 deficit
424 1058 502 1107 quisquis
517 1069 586 1094 moram
600 1054 666 1093 acidiae
680 1056 772 1104 permittit.
783 1056 824 1099 Quo

57 1154 60 1158 ,
90 1126 156 1161 eontra,
170 1115 254 1154 Salomon
268 1126 286 1153 te
299 1116 385 1154 admonet
402 1117 420 1167 in
438 1115 483 1153 libro
500 1115 638 1153 Proverbiorum
657 1114 727 1152 dicens:
741 1114 790 1152 Vade
803 1114 824 1151 ad

90 1174 183 1212 formicam
201 1189 212 1212 o
229 1175 289 1223 piger,
304 1186 321 1212 et
339 1174 430 1223 considera
445 1176 481 1212 vias
495 1176 543 1220 eius,
558 1184 575 1211 et
589 1175 637 1212 disce
650 1174 766 1223 sapientiam:
780 1186 824 1223 quae

90 1247 130 1271 cum
144 1248 179 1272 non
193 1233 255 1271 habeat
269 1234 347 1280 ducem,
362 1227 395 1272 nec
409 1245 551 1283 praeceptorem,
564 1247 598 1270 nec
612 1234 725 1283 principem,
740 1243 789 1282 parat
806 1234 823 1270 in

90 1303 155 1331 aestate
168 1292 226 1330 cibum
240 1306 299 1339 suurn,
313 1304 331 1330 er
345 1304 441 1343 congregat
455 1294 472 1330 in
486 1307 548 1338 messe,
558 1292 607 1343 quod
621 1292 709 1330 comedat.
723 1293 745 1329 Et
758 1293 823 1329 iterum

89 1352 141 1390 dicit:
154 1351 246 1389 Desideria
255 1351 341 1390 occidunt
354 1352 430 1403 pigrum,
445 1353 485 1402 quia
498 1353 595 1390 noluerunt
608 1352 703 1402 quicquam
714 1365 776 1389 manus
786 1353 823 1388 eius

86 1412 171 1450 laborare.
185 1411 234 1449 Nihil
247 1412 345 1449 sanctitatis
359 1413 471 1460 propositum
486 1412 569 1461 professis
583 1411 661 1449 deterius
675 1422 701 1449 est
715 1413 768 1456 ocio,
782 1412 822 1461 quin

65 1464 66 1467 ¹
89 1483 124 1508 non
133 1470 192 1509 solum
201 1470 246 1508 nihil
256 1470 298 1508 boni
312 1471 418 1514 accumulat,
432 1471 464 1508 sed
477 1473 529 1509 etiam
544 1472 641 1516 consumit,
653 1480 670 1508 et
679 1470 753 1520 dissipat
762 1471 822 1507 omnia

88 1530 136 1578 prius
150 1529 264 1567 accumulata.
278 1530 325 1567 Natu
339 1539 409 1567 sanctae
423 1530 522 1568 devotionis
539 1530 598 1568 fervor
615 1543 700 1579 processu
714 1531 789 1581 gaudet,
802 1543 822 1566 ac

88 1588 167 1639 proficit;
181 1590 279 1627 cessatione
292 1602 335 1627 vero
349 1591 440 1638 torpescit,
454 1600 471 1627 et
484 1590 569 1639 paulatim
583 1590 615 1639 (ne
630 1589 688 1627 dicam
702 1589 770 1637 subito)
783 1602 821 1626 eva-

87 1648 149 1686 nescit.
162 1648 219 1685 Radix
232 1650 280 1685 enim
294 1648 424 1697 desperationis
434 1658 461 1686 est
471 1650 546 1698 ignavia,
556 1659 572 1686 et
583 1649 667 1686 omnium
681 1657 743 1692 mater,
757 1662 776 1685 ac
790 1662 821 1685 uu-

87 1708 121 1744 trix
133 1708 223 1745 vitiorum.
237 1707 284 1744 Nam
298 1708 344 1744 sicut
358 1709 485 1746 vestimentum
499 1709 565 1745 tineam
575 1719 592 1744 et
601 1719 678 1758 generat,
693 1718 711 1744 et
723 1708 784 1754 nutrit,
798 1709 821 1744 ira

87 1767 235 1815 perniciosissima
248 1768 303 1814 pestis
317 1767 373 1804 acidia
383 1776 401 1804 et
409 1769 461 1816 parit,
471 1778 487 1805 et
500 1768 549 1805 fovet
562 1768 711 1817 desperationem.
725 1768 820 1805 Neminem

86 1825 129 1861 haec
143 1824 197 1861 bestia
210 1825 249 1873 plus
263 1837 328 1862 vexate
343 1826 441 1872 consuevit,
456 1839 509 1874 quam
522 1825 626 1869 monachos,
641 1834 658 1862 et
671 1838 702 1862 eos
716 1826 819 1875 praecipue,

54 1930 56 1934 ,
87 1884 117 1933 qui
131 1885 185 1921 vitam
198 1883 264 1921 ducunt
274 1885 291 1920 in
301 1884 400 1922 solitudine>
407 1883 517 1922 abstractam.
531 1885 636 1923 Cavendum
651 1898 693 1934 ergo
707 1898 821 1934 summopere

86 1941 137 1979 vobis
147 1952 180 1988 est,
195 1956 205 1979 o
219 1943 308 1987 monachi,
323 1942 343 1980 ab
358 1942 392 1981 hoc
402 1935 453 1980 hoste
460 1944 520 1982 salutis
530 1947 638 1990 animarum,
648 1956 666 1981 et
679 1957 716 1982 non
729 1944 819 1994 fugiendo,

86 2001 117 2039 sed
130 2002 228 2040 resistendo
241 2002 313 2040 fortiter
327 2002 457 2048 dimicandum,
471 2005 568 2054 seduloque
584 2006 713 2054 cogitandum,
730 2006 770 2054 quia
783 2015 819 2042 tor-

86 2075 138 2110 pore,
152 2071 169 2099 et
182 2062 251 2110 ignavia
264 2075 317 2100 nemo
331 2059 430 2101 sanctitatis
443 2064 530 2102 honorem
545 2074 652 2102 consecutus
669 2075 705 2109 est,
719 2078 776 2114 neque
789 2065 819 2101 ali-

86 2122 125 2170 quis
139 2134 213 2171 regnum
226 2133 307 2160 aeternae
321 2122 410 2160 felicitatis
420 2124 456 2160 sine
466 2137 538 2173 magno,
549 2135 566 2162 et
576 2125 663 2161 continuo
676 2124 736 2162 labore
749 2138 819 2173 prome-

85 2182 125 2218 ruit.
139 2181 252 2225 Quotidianis
265 2183 325 2231 igitur,
340 2195 360 2218 ac
373 2182 473 2220 recentibus
482 2184 569 2221 virtutum
579 2196 652 2233 semper
666 2184 779 2221 incrementis
793 2185 819 2220 in-

85 2240 178 2278 stauranda
191 2254 241 2279 mens
250 2252 284 2288 est,
299 2251 316 2278 et
330 2241 402 2279 vivendi
416 2242 450 2280 hoc
463 2243 583 2292 periculosum
593 2244 626 2280 iter
639 2256 675 2281 non
689 2243 710 2280 de
724 2253 817 2287 transacto,

85 2299 115 2336 sed
129 2300 187 2348 potius
200 2300 221 2337 de
235 2301 305 2350 reliquo
319 2301 435 2339 metiendum.
453 2304 511 2340 Nemo
526 2303 639 2340 securitatem
653 2302 686 2339 sibi
695 2293 787 2350 promittat
800 2303 817 2338 in

85 2359 118 2395 hac
131 2359 172 2404 vita,
187 2372 231 2408 quae
245 2370 282 2397 tota
296 2361 371 2397 tentatio
385 2362 494 2408 nominatur,
511 2371 537 2398 tot
551 2362 636 2411 perieulis
650 2361 707 2409 plena,
721 2373 763 2410 quot
777 2371 817 2398 suut

84 2418 186 2456 affectiones
199 2419 217 2455 in
231 2420 299 2465 anima,
310 2419 340 2457 sed
355 2430 416 2456 caveat
425 2422 551 2472 unusquisque,
561 2431 586 2464 nt,
597 2421 626 2469 qui
636 2422 694 2468 potuit
705 2420 743 2457 fieri
757 2434 778 2458 ex
788 2420 816 2458 de-

55 2480 57 2484 ’
85 2479 150 2515 teriore
167 2478 240 2525 melior,
253 2491 290 2516 non
303 2477 333 2515 fiat
347 2491 368 2514 ex
382 2478 455 2516 meliore
474 2479 554 2517 deterior.
573 2480 595 2516 Et
612 2480 639 2516 his
656 2480 721 2516 sanctis
739 2482 817 2518 maxime

84 2536 144 2574 diebus
158 2549 240 2574 curemus
259 2551 332 2582 omnes,
346 2548 432 2586 quantum
446 2552 551 2587 possumus,
565 2539 604 2576 fieti
617 2539 701 2577 meliores
715 2541 816 2579 adiicientes

83 2595 134 2633 nobis
148 2596 222 2633 consilio
236 2597 272 2633 divi
285 2598 406 2645 praeceptoris
416 2599 472 2635 nostri
486 2599 551 2647 aliquid
566 2599 587 2635 ad
601 2598 675 2636 solitum
691 2613 767 2648 pensum
781 2614 816 2638 ser-

83 2656 144 2691 vitutis
157 2664 232 2699 nostrae,
247 2657 337 2693 orationes
351 2656 433 2693 videlicet
447 2658 549 2709 peculiares,
563 2656 652 2703 ciborum,
667 2669 684 2694 et
698 2669 751 2707 potus
765 2659 816 2696 absti-

844 1121 884 1145 l'rov.
891 1119 903 1145 6.

843 1364 882 1388 Pron,
892 1370 913 1388 21.
