1968 3023
329 116 379 155 Libra
391 116 477 154 Panaretus
490 116 557 153 fontanis
574 115 655 153 Trtrauti.
822 126 855 165 231

120 204 139 231 ut
153 193 227 241 faciatis,
236 206 289 244 quam
304 194 383 233 studiose
397 195 490 233 exhortor:
503 193 625 241 Attendite,o
639 195 700 231 Patres
714 192 812 243 Religionis
825 207 857 231 no-

120 262 168 290 strae
180 263 247 291 statum
261 253 386 300 miserabilem,
396 265 413 292 et
422 264 508 304 quantum
522 253 610 301 sufficitis,
625 252 721 290 calamitati
734 254 772 291 eius
785 252 858 291 succurl

120 312 159 356 rite,
173 312 187 349 si
201 325 242 349 eum
256 313 321 362 cupitis
334 313 353 351 in
365 313 419 350 finem
435 313 536 363 perdurare.
553 313 595 351 Non
609 312 651 351 latet
664 327 696 351 vos
710 313 810 351 multorum
823 315 856 351 inr-

120 370 205 420 probitas,
215 372 252 420 qui,
261 382 281 408 ut
294 373 362 410 ordinis
375 371 487 421 disciplinam
500 373 570 422 possint
584 373 668 422 effugere,
679 372 699 410 ab
710 386 731 409 eo
744 386 763 410 se
776 373 857 410 laborant

120 430 250 469 dimembrare:
266 433 339 470 Horum
352 435 450 471 temeritati
463 432 534 482 fortiter
547 432 658 470 obviandum
672 444 709 480 est3
722 446 745 470 ne
757 446 856 481 paucorum

119 491 207 541 impunita
221 491 289 529 malitia
306 492 367 530 multis
385 491 476 530 audaciam
491 492 572 542 praebeat
590 491 713 542 delinquendi,
727 501 745 529 et
758 505 856 541 paucorum

119 541 199 600 nequitia
211 564 283 600 semper
293 553 356 589 crescit
369 552 428 590 dilata.
442 552 531 597 Quamvis
545 553 597 589 unius
612 552 659 589 malo
674 551 744 601 publica
757 552 804 589 fama
817 564 856 590 cor·
906 564 964 606 turpant-

119 610 180 658 rumpi
188 622 225 647 non
236 609 304 654 debeat,
314 620 374 647 tamen
388 610 452 659 vulgus
465 611 558 660 imperitus
569 622 699 660 expansorum
714 610 779 648 delicto
793 623 855 648 omnes
876 603 964 660 ξζώξξξξζᾞξ

119 670 218 717 vituperat:
232 669 290 718 Malos
304 671 364 719 igitur,
378 671 409 720 qui
422 683 454 707 sua
467 671 580 708 deformitate
597 670 664 708 famam
678 669 767 708 bonorum
780 670 856 708 obnubi·
876 667 909 728 {221¹
920 676 964 730 dlgffif·

74 772 76 775 Ι
119 728 166 774 lant,
181 730 294 778 superiores,
309 730 339 779 qui
352 742 388 767 non
401 732 486 779 puniunt,
501 730 614 767 confortant:
624 729 652 767 Ad
666 743 699 767 vos
713 731 778 779 itaque,
789 730 856 778 Patres
877 737 928 771 tuendi·

121 789 197 838 pertinet
212 789 313 826 Monaclaos
331 788 440 826 deformatos
453 802 486 838 pro
500 802 552 839 posse
565 790 664 838 corrigere:
679 790 739 827 Vestri
752 789 806 828 officii
821 800 855 837 est,

120 848 202 885 ordinem
212 849 229 885 in
242 861 275 885 suo
284 849 346 897 vigore
360 861 473 887 conservare:
486 849 508 885 Et
521 849 562 898 quia
576 850 640 886 stultus
654 862 737 887 sermone
750 864 786 887 nou
801 851 855 887 corri-
899 861 962 902 Superio-

119 907 173 956 pitur,
187 908 230 956 quid
242 906 352 945 lrierofantes
365 918 427 946 noster
440 918 501 945 contra
514 908 643 957 incorrigibiles
653 910 703 958 quasi
717 910 815 946 monastice
824 923 855 958 po·
875 903 896 956 ἷξζ
905 904 964 964 ξξζᾚῇζ

120 966 161 1009 suit,
174 967 280 1016 generaliter
290 968 307 1003 in
322 968 365 1005 istos
378 967 473 1022 referatur:
487 967 572 1016 Exurgite
585 980 639 1014 ntmc,
653 968 721 1014 Patres,
731 969 771 1017 quia
784 978 855 1017 tempus
875 965 911 991 ”³⁰⁰³
925 974 963 991 ⁰⁰¹¹·

120 1036 154 1064 est:
169 1036 237 1064 arrunte
246 1039 279 1064 vos
293 1027 330 1064 zelo
340 1027 444 1075 disciplinae
457 1027 551 1076 regularis:
564 1026 694 1064 haereditatem
703 1027 745 1064 Divi
757 1028 814 1065 Patris
823 1029 855 1065 Be·
875 999 963 1061 &liddam

119 1087 192 1134 nedicti,
202 1099 240 1131 oro,
252 1086 352 1125 defendite:
366 1088 422 1124 elatos
436 1086 503 1135 pellite:
517 1086 593 1124 rebelles
607 1088 699 1135 corripite,
711 1088 765 1124 duros
778 1089 853 1137 arguite:
874 1077 955 1153 {effingi

119 1159 151 1194 pro
161 1147 298 1184 conservatione
307 1148 369 1188 nostri
383 1147 449 1194 ordinis
459 1146 528 1184 fortiter
538 1157 626 1196 pugnate:
641 1149 715 1185 Armate
725 1160 757 1184 vos
766 1158 855 1184 urinarum
887 1165 933 1191 pares
943 1174 963 1190 η.

119 1207 159 1253 Dei,
169 1217 186 1244 et
196 1219 257 1244 amore
271 1206 348 1254 ordinis3
357 1220 398 1257 'non
411 1205 451 1244 tam
461 1208 524 1244 vestris
538 1206 636 1253 laboribus,
646 1220 700 1256 quam
709 1207 775 1244 Christi
789 1208 855 1245 attxilio
874 1199 963 1261 {ffi'lssefoffi

119 1266 221 1314 pugnaturi.
236 1265 285 1302 illius
299 1266 354 1315 gratia
368 1265 418 1303 vobis
432 1265 527 1314 praestabit
540 1265 633 1312 auxilium,
646 1267 661 1302 si
674 1266 693 1302 iu
707 1266 783 1315 puritate
797 1266 855 1303 cordis
874 1269 962 1329 prationem

119 1325 140 1362 ad
155 1338 196 1362 eum
209 1325 279 1374 sedulas
296 1339 358 1374 preces
372 1325 475 1364 effuderitis:
490 1326 527 1363 Cur
539 1339 582 1375 ergo
596 1326 723 1363 dissimulatis?
737 1326 774 1363 Cur
787 1337 855 1376 partem
879 1310 938 1330 toranus,

119 1383 138 1420 S.
152 1385 243 1421 Benedicti
260 1397 297 1421 non
311 1384 417 1423 defenditis?
434 1385 534 1431 Quamdiu,
549 1396 610 1423 contra
624 1385 706 1423 ordinem
724 1396 803 1423 sanctum
822 1386 855 1424 ini-

119 1456 196 1492 quorum
210 1444 268 1481 studia
282 1443 421 1494 praevalebunt?
434 1445 486 1488 Vere,
500 1439 568 1491 Patres,
583 1458 625 1482 vere
638 1446 735 1483 necessitas
749 1458 813 1494 magna
826 1458 855 1482 or-

119 1503 165 1540 dinis
178 1504 236 1540 nostri
250 1504 324 1540 citatum
338 1503 439 1553 expostulat
451 1505 557 1542 remedium.
572 1505 722 1543 Conversationes
732 1504 827 1552 Abbatum,
837 1514 855 1540 et

119 1563 251 1600 monachorum
264 1562 390 1612 irregularium
399 1563 494 1610 intendite3
505 1573 522 1601 et
531 1577 584 1614 quam
598 1565 658 1613 inique
672 1573 734 1600 contra
744 1564 854 1612 disciplinam

119 1622 187 1659 ordinis
201 1620 299 1667 calcitrent,
312 1620 415 1670 ponderate.
429 1622 499 1659 Praeter
512 1621 599 1667 habitum,
610 1632 627 1658 et
636 1622 684 1659 lium
694 1623 752 1670 ipsum
762 1623 779 1659 in
793 1622 854 1658 multis

118 1681 238 1727 dissolutum,
252 1681 297 1718 nibil
311 1681 420 1727 honestatis,
433 1681 462 1719 vel
475 1681 567 1731 religionis
585 1682 692 1719 ostendunt:
709 1681 743 1718 Sed
761 1682 804 1718 haec
817 1681 853 1718 suis

119 1740 204 1790 deputata
217 1741 261 1778 locis
275 1750 391 1785 reservantes,
405 1740 427 1778 ad
440 1742 507 1778 intenta
519 1753 643 1790 properemus.

195 1864 196 1867 ¹
223 1871 250 1901 De
260 1871 359 1901 sanctissimo
369 1873 410 1901 stata
420 1870 481 1901 ordiaris
491 1871 544 1901 ttastri
550 1870 641 1908 pritttilt'vo.
664 1870 715 1908 Capul
725 1870 749 1899 II.

122 1988 238 2077 Facturus
252 1994 274 2019 ne
288 1982 322 2018 sim
338 1980 420 2019 omuibus
438 1995 476 2019 rem
492 1991 570 2030 gratam,
584 1982 599 2017 si
614 1982 694 2029 priorem
712 1980 779 2017 ordinis
796 1979 857 2017 nostri-

171 2051 238 2078 statum
252 2041 313 2089 paucis
327 2039 459 2086 commendem,
470 2040 599 2090 aliquantulum
612 2039 686 2085 dubito,
701 2039 766 2088 quippe
781 2039 811 2088 qui
824 2052 853 2075 ve-

119 2113 177 2139 terum
196 2099 278 2137 laudibus
297 2100 390 2137 monachis
407 2101 464 2137 nostri
482 2101 580 2148 temporis,
595 2112 659 2148 parum
677 2099 744 2135 iudicer
760 2098 853 2136 detulisse:

119 2169 160 2197 sunt
174 2160 227 2203 enirn,
238 2159 267 2208 qui
281 2171 300 2196 se
312 2158 340 2195 vel
354 2159 432 2207 optimos
446 2158 552 2196 arbitrentur
565 2151 669 2202 monachos,
684 2157 713 2195 vel
727 2158 799 2206 optimis
813 2157 853 2201 illis,
867 2152 868 2155 ¹

119 2220 196 2269 quinos
211 2227 356 2267 praecesserunt,
371 2216 449 2266 patribus
464 2217 539 2255 audeant
554 2229 663 2266 comparare
681 2217 777 2265 Utcunque
794 2225 853 2253 antem

119 2292 138 2316 se
150 2279 257 2324 metiantur,
271 2290 308 2314 non
321 2277 365 2314 mihi
381 2285 502 2321 succenseant,
516 2277 530 2313 si
543 2281 625 2313 veterum
639 2273 761 2313 observantiae
774 2286 854 2313 nostram

118 2351 155 2376 non
170 2337 245 2375 audeam
261 2337 365 2386 adaequate.
378 2337 464 2382 Nam,si
477 2348 525 2374 recto
538 2336 607 2374 lumine
620 2337 676 2373 vitam
693 2348 755 2373 eorum
773 2344 854 2373 contem-

118 2399 196 2447 plemur,
209 2398 300 2446 optimum
314 2410 323 2434 e
336 2396 388 2433 nobis
402 2395 489 2442 habitum,
499 2396 528 2433 vix
541 2395 589 2433 bono
603 2396 651 2433 illius
664 2397 751 2444 temporis
765 2396 854 2433 monacho

119 2458 221 2508 poterimus
228 2468 338 2505 comparare.
352 2455 415 2493 Sancta
424 2457 489 2504 quippe
503 2455 574 2492 illorum
589 2456 701 2492 conversatio
710 2454 806 2491 virtutibus
816 2468 854 2492 cor-

118 2529 178 2561 rusca,
192 2516 248 2565 signis
262 2514 370 2564 approbata,
385 2515 502 2564 omniumque
519 2515 620 2552 eruditione
637 2515 766 2563 scripturarum
781 2513 855 2552 illustris

118 2575 193 2625 gratiam
214 2573 261 2623 apud
273 2574 333 2611 Deum
348 2575 455 2622 promeruit,
469 2583 485 2610 et
503 2574 590 2611 homines.
605 2574 703 2611 Audientes
717 2583 777 2610 nutem
790 2586 855 2611 vocem
875 2569 962 2638 ωωζῃζῐῐιξῃ]

119 2635 234 2679 dominicam,
246 2635 261 2671 si
274 2635 313 2684 quis
327 2633 365 2671 vult
378 2644 419 2684 post
431 2647 459 2671 me
472 2635 540 2686 venire,
551 2632 626 2683 abneget
639 2633 764 2682 semetipsum,
775 2642 792 2670 et
804 2633 856 2671 tollat
875 2646 962 2665 eonversa-
