1968 3023
131 181 155 219 44
341 170 367 209 De
380 169 434 209 labora
447 169 567 210 Moazacborum
580 171 662 211 attenuati.

131 259 206 298 quatuor
220 251 236 287 in
253 250 288 287 boc
301 252 411 289 monasterio
425 252 530 305 collocavit:
545 252 608 302 quibus
618 252 705 290 Abbatem
717 252 800 301 praefecit
813 254 864 292 loan-

130 322 171 346 nem
185 323 206 346 ea
218 308 274 347 nobili
288 310 356 348 familia
370 311 391 349 de
404 311 509 358 Budisbaclt,¹
519 324 573 361 quam
586 312 642 361 vulgo
656 312 677 350 de
689 311 795 350 Carbonaria
808 315 864 351 domo

130 381 240 419 nuncupant:
253 371 314 408 virum
328 371 398 421 qualem
408 371 481 416 vidistis,
491 380 508 409 et
516 371 591 409 audistis
605 382 675 410 aeterna
684 373 770 409 meritoria
782 372 864 423 dignum,

130 430 160 479 qui
174 430 233 467 locum
247 430 296 467 laurac
309 432 328 468 in
342 441 420 468 extrema
429 441 530 480 paupertate
540 433 612 481 reperit,
626 442 643 469 et
656 432 705 469 aitaris
715 432 769 469 ferme
779 443 864 483 quatuor-

130 487 188 526 deeim
202 489 219 526 in
233 502 298 538 magna
307 491 392 538 patientia
401 488 500 539 praesidens
514 491 532 526 in
542 504 582 527 euin
592 500 665 538 statum,
675 505 710 541 quo
723 504 769 528 naane
778 493 862 539 vivimus,

130 549 226 586 revocavit.
239 548 292 586 Unde
307 562 347 586 cum
365 563 398 587 nos
416 550 474 599 inopia
492 562 551 587 rerum
569 550 697 599 temporalium
714 550 770 588 adhue
786 552 864 601 graviter
894 557 895 561 ’

129 618 204 657 premat,
217 621 263 658 opus
277 609 363 646 continuo
377 619 422 647 esset
436 609 500 653 labore,
510 622 545 658 quo
559 622 593 647 nos
602 610 650 647 victu
660 609 747 647 aleremus
758 612 874 664 necessario,

129 676 146 705 et
160 667 234 705 domum
247 669 287 712 Dei,
301 668 319 705 in
333 681 367 718 qua
380 681 476 715 versamur,
489 667 509 705 ab
523 682 563 706 aere
576 669 687 706 solveremus
704 669 767 707 alieno.
781 670 815 707 Sed
833 672 863 720 qui

129 737 170 764 sunt
183 728 237 765 vestri
250 726 327 774 labores,
336 738 366 764 aut
380 738 465 777 quantum
479 727 529 765 nobis
543 727 565 764 ad
578 738 615 765 tam
629 727 702 777 grandia
712 728 808 767 conducere
821 743 862 779 pos-

129 787 182 824 sunt?
195 787 276 824 Numero
290 800 353 824 sumus
367 788 424 835 pauci,
438 796 454 824 et
467 787 568 825 rusticanos
582 787 604 824 ad
617 786 686 825 labores
700 789 765 837 inepti:
779 802 811 825 nee
824 802 863 838 per-

129 846 184 883 mittit
201 859 234 883 nos
248 845 316 883 ordinis
330 846 446 884 Sacerdotalis
463 847 552 884 institutio
569 855 630 884 totum
643 846 660 884 in
673 859 716 896 agro
734 847 780 885 diem
795 848 862 897 lapides

129 904 209 942 titanibus
221 918 298 952 versare,
313 916 330 943 et
343 907 427 943 Divinam
441 907 558 944 intermittere
573 907 684 944 servitutem.
695 907 756 944 Miseri
769 920 836 955 sumus,
846 918 863 945 et

128 965 184 1001 nimia
195 974 304 1013 paupertate,
312 966 408 1015 inopiaque
420 966 499 1003 omnium
513 966 655 1003 necessariorum
666 965 754 1015 depressi:
768 967 808 1004 etsi
818 967 863 1004 mul-

129 1034 167 1061 tum
184 1023 332 1068 laboraverimus,
346 1037 409 1074 parunt
427 1024 488 1062 exinde
505 1024 621 1073 proficimus:
636 1035 653 1062 et
668 1026 757 1074 siparum
775 1025 862 1063 fuerimus

129 1084 202 1132 operati,
211 1083 288 1133 aruplius
302 1093 350 1121 certe
364 1085 424 1121 aniano
434 1084 541 1122 deficiemus.
550 1085 612 1121 Homo
622 1085 675 1128 enim,
685 1085 771 1133 scriptura
779 1095 860 1130 testante,

83 1172 86 1180 .
105 1172 108 1180 .
128 1143 206 1180 nascitur
215 1142 236 1180 ad
245 1142 325 1180 laborem
335 1143 495 1193 (queamdmodum
502 1145 538 1180 avis
548 1143 570 1180 ad
579 1143 693 1194 volandum).
700 1145 727 1181 Ne
736 1145 789 1194 igitur
798 1158 862 1194 panem

128 1212 207 1239 vestrum
220 1202 331 1240 trianducetis
346 1203 409 1250 ociosi,
423 1216 493 1252 semper
509 1216 541 1240 vos
555 1203 615 1252 aliquo
628 1202 688 1240 labore
697 1203 778 1251 honesto,
792 1213 809 1241 et
822 1205 862 1242 utili
895 1212 896 1215 ’

128 1261 217 1311 oportebit
230 1275 269 1299 esse
279 1258 395 1311 ntancipatos,
405 1276 440 1311 quo
453 1272 470 1299 et
483 1276 533 1300 mem
547 1276 557 1299 a
570 1262 630 1300 taedio
642 1262 731 1300 relevetur
739 1263 862 1302 observantiae

127 1321 217 1371 regularis,
231 1332 248 1358 et
261 1321 323 1371 inopia
336 1323 401 1371 gravis,
415 1321 442 1359 vel
455 1323 473 1359 in
485 1335 539 1371 parvo
553 1321 617 1358 saltem
631 1333 727 1372 reparetur.
740 1323 803 1360 blessis
816 1334 861 1360 tern—

127 1394 170 1429 pore
184 1380 206 1417 ad
218 1380 299 1426 foenum,
315 1390 333 1418 et
347 1382 428 1417 autumni
441 1380 502 1418 diebus
516 1380 537 1417 ad
550 1380 661 1417 vindemiam
670 1394 703 1418 vos
716 1380 799 1418 duntaxat
811 1391 861 1419 extra

126 1440 256 1477 lvlonasterium
271 1441 398 1477 consuevimus
409 1452 499 1489 occupare,
509 1440 580 1489 quando
593 1439 676 1477 videlicet
684 1440 740 1487 labor,
753 1450 770 1478 et
782 1441 860 1491 multum

127 1508 153 1536 est
172 1500 290 1546 necessarius,
310 1509 327 1536 et
345 1500 496 1547 mercenariorum
514 1499 600 1543 charitas,
618 1499 707 1547 precium,
725 1500 861 1549 mercedemque

127 1559 201 1608 adauget
214 1560 330 1597 famulorum.
340 1559 417 1609 Reliquo
426 1573 458 1597 vos
471 1570 551 1608 tempore
566 1559 584 1596 in
598 1558 686 1596 coenobio
696 1558 805 1596 decrevimus
819 1573 861 1597 con-

126 1619 188 1665 tinere,
203 1630 299 1669 propterea
313 1619 362 1668 quod
375 1618 444 1657 labotes
454 1619 507 1656 vestri
521 1619 657 1667 comparatione
665 1620 785 1668 impensarum
799 1632 861 1656 mona-
911 1668 914 1673 .

126 1679 175 1715 sterii
188 1678 295 1715 utilitatibus
313 1691 377 1727 parum
395 1678 502 1724 conducunt,
517 1687 533 1715 et
546 1677 643 1715 voluntarii
661 1677 682 1714 ad
699 1678 785 1714 rusticana
802 1677 860 1715 studia

126 1738 227 1786 paucissimi
244 1748 331 1784 vestrum,
345 1747 365 1774 ut
381 1736 433 1774 nobis
449 1736 525 1783 videtur,
539 1736 616 1774 libenter
633 1748 733 1774 occurrunt.
747 1737 777 1774 Est
794 1747 811 1774 et
826 1737 860 1774 alia

127 1797 252 1844 consideratio,
267 1810 312 1847 quae
325 1797 405 1834 animum
420 1797 496 1834 concitat
512 1809 582 1843 meum,
596 1808 664 1833 nevos
682 1796 758 1833 externis
775 1796 859 1845 operibus

126 1869 211 1893 manuum
224 1857 246 1894 de
259 1856 307 1893 sacili
321 1869 408 1905 occupem
422 1856 459 1893 sine
473 1855 524 1892 causa
537 1854 644 1901 rationabili,
658 1864 674 1891 et
687 1856 790 1892 necessitate
803 1857 859 1893 niani-

110 1913 111 1917 *
126 1915 181 1953 festa:
195 1916 278 1965 experior
292 1917 366 1962 etenim,
381 1914 429 1964 quod
443 1914 510 1952 labores
527 1914 653 1951 huiuscemodi
671 1915 728 1963 operis
743 1927 779 1952 non
797 1927 859 1952 conve-

125 1977 176 2013 niunt
189 1976 207 2012 in
220 1974 271 2013 vobis
286 1975 409 2013 observantiae
419 1974 498 2024 regulari,
508 1976 539 2012 sed
552 1975 673 2023 iutegritatem
687 1975 794 2010 monasticae
808 1974 859 2011 disci-

126 2035 183 2085 plinae
198 2034 243 2083 apud
257 2047 290 2071 vos
304 2034 362 2083 magis
375 2033 475 2080 destruunt,
490 2046 542 2083 quam
556 2042 681 2081 promoveant.
695 2032 782 2070 Erubesco
795 2033 859 2079 dicere,

126 2105 143 2132 et
156 2094 274 2131 nihilominus
288 2093 337 2130 ell'ari
352 2093 455 2141 compellor,
465 2102 534 2129 vestros
548 2091 618 2129 labores
632 2102 681 2129 entra
693 2092 828 2138 Monasterium,
842 2103 859 2131 et

125 2153 187 2190 cellam
200 2152 239 2201 plus
253 2152 380 2189 destructionis
394 2151 455 2188 afferre
469 2151 540 2199 puritati
549 2152 656 2194 animarum,
669 2163 720 2200 quam
734 2151 799 2189 salutis.
809 2152 859 2197 Quid

125 2213 172 2250 enim
186 2211 277 2257 laboratis,
292 2221 309 2248 et
323 2223 368 2260 quae
381 2219 421 2246 Sunt
435 2210 491 2246 studia
499 2219 558 2246 vestra
571 2210 590 2245 in
602 2208 704 2246 laboribus?
716 2210 780 2247 Nonne
792 2212 859 2260 vagari,

126 2272 229 2315 discurrere,
240 2268 402 2308 comessationibus
411 2268 507 2317 indulgere,
522 2279 538 2305 et
551 2268 630 2317 poculis,
644 2281 664 2305 ac
676 2268 763 2318 reliquum
772 2272 859 2319 temporis

124 2331 234 2369 sermonibus
248 2344 337 2380 occupare
352 2330 408 2376 vanis,
423 2340 439 2366 et
452 2328 556 2367 inutilibus?
569 2329 612 2367 Non
630 2328 696 2366 habetis
710 2329 727 2366 iu
739 2329 790 2366 vobis
806 2330 858 2367 illum

126 2392 198 2441 spiritus
207 2391 240 2428 Dei
254 2401 337 2427 sanctum
351 2389 446 2435 fervorem,
456 2402 490 2438 quo
504 2388 572 2437 priscos
586 2388 703 2425 institutionis
716 2397 786 2427 nostrae
795 2389 858 2427 Mona-

126 2450 169 2488 chos
178 2451 255 2500 legimus
270 2450 361 2500 quondam
372 2447 499 2494 inflammatos;
513 2448 543 2497 qui
552 2460 586 2496 pto
595 2448 700 2484 necessitate
710 2449 800 2486 communi
808 2458 858 2486 tanto

126 2509 220 2556 desiderio,
228 2519 279 2547 tanto
293 2509 361 2555 studio,
371 2518 456 2557 tantoque
466 2518 528 2545 conatu
538 2520 609 2553 omnes,
623 2517 639 2544 et
652 2508 717 2556 singuli
727 2507 808 2546 manibus
822 2509 859 2545 suis

128 2569 235 2616 laborabant,
248 2580 267 2606 ut
280 2570 377 2619 putassetis
391 2581 444 2605 omne
456 2568 560 2605 lalonasterii
577 2567 673 2616 negocium
689 2568 707 2604 in
720 2568 858 2617 uniuscuiusque

125 2629 237 2680 providentia
253 2628 338 2666 locatum.
352 2629 378 2666 lta
396 2629 442 2665 enirn
459 2627 568 2672 laborabant,
582 2640 602 2665 ac
615 2627 630 2664 si
643 2626 724 2665 manibus
740 2630 777 2667 suis
792 2627 858 2678 singuli

127 2701 199 2728 onittern
214 2690 291 2728 enutrire
306 2691 462 2740 congregationem
480 2689 586 2730 debuissent.
600 2692 648 2728 lnter
665 2690 707 2728 haec
723 2699 782 2728 tataten
796 2689 858 2727 Divini
