1968 3023
65 698 137 733 Spiritualia

50 734 110 760 exercitia
117 743 136 760 re-

50 769 92 804 ligiosi
98 769 136 795 ornit-

50 810 92 830 rcntes
100 813 107 830 a
114 812 136 829 sna

52 839 133 873 professione

50 874 122 900 deviarunt.

50 938 106 970 Cadeus,
112 937 136 963 ire·

50 979 104 1007 quemer
117 981 137 998 rc·

50 1008 95 1042 surgit.

56 1471 136 1499 liciorruatio

50 1507 62 1533 in
73 1514 101 1533 toto
114 1515 136 1532 or·

50 1542 79 1568 diue
89 1543 106 1568 D.
113 1542 136 1567 lle-

50 1577 97 1603 nedicti
105 1585 136 1602 ann-

51 1620 95 1646 quam
106 1611 136 1637 luit

50 1646 118 1680 generalis.

68 1681 104 1715 Virg.
111 1682 136 1706 Ae-

50 1716 84 1742 ncrd.
94 1715 106 1741 6.

65 1751 137 1785 Resurgere

51 1785 136 1819 postlapsuur

51 1829 98 1854 nragna
112 1819 136 1845 dii-

51 1854 105 1881 neutras.

63 2336 136 2362 Cauonicns

51 2371 92 2397 bonus
107 2372 137 2396 erit

54 2414 133 2440 nrrnquam

51 2449 66 2466 cr
71 2441 136 2466 1111101110-

50 2475 96 2501 nacho.

157 137 193 182 236
350 131 376 169 Dr
388 138 431 168 stato
444 137 463 168 ct·
471 130 522 168 ctrina
535 131 620 168 monastici
633 129 698 169 ordinis.

157 212 271 249 infirmorum
291 221 338 248 artus
358 210 447 248 solidasti:
466 210 504 255 Qui
524 210 615 247 nationem
629 211 754 250 Germanicam
772 214 863 263 doctrina,
876 225 893 253 et

157 272 255 315 sanctitate,
266 270 315 308 uelut
325 270 379 319 sydus
389 269 548 319 fulgentissimum,
562 268 671 307 illuminasti.
685 270 760 320 Surgite,
771 283 788 310 et
801 287 833 311 vos
843 276 894 312 Prae·

157 331 262 368 stantissimi
275 331 346 374 Patres,
361 328 470 366 diuersarum
489 328 639 378 reformationum
657 329 748 377 authores,
762 341 780 369 et
793 333 853 371 videte
868 335 892 372 la-

157 391 209 428 bores
218 400 288 427 uestros
297 390 332 426 iarn
342 389 421 438 periisse,
429 389 567 426 constitutiones
577 388 671 437 neglectas,
679 389 811 430 exhortationes
820 404 893 442 spretas,

158 450 299 500 protestationes
310 447 434 486 sollicitudinis
448 456 566 495 contemptas.
579 448 617 484 Vos
627 447 708 497 ordinem
721 451 842 489 monasticum
852 454 894 500 vita,

158 520 175 547 et
189 509 271 546 doctrina
284 507 384 545 reddidistis
398 505 504 555 gloriosum,
519 505 559 542 Deo
573 505 664 553 dilectum,
678 507 753 556 Angelis
766 511 893 557 uenerandum,

157 569 209 607 uobis
222 576 310 610 sanctum,
319 564 421 603 horninibus
430 563 556 602 reverendum.
569 564 604 602 Ubi
613 567 701 603 abacista
710 569 785 606 merita?
799 568 834 607 Ubi
846 584 894 609 nnnc

158 632 201 667 istae
215 627 328 677 operationes
341 625 442 663 iustorum?
455 625 496 662 Heu
509 625 568 661 Mater
580 625 679 663 veneranda
693 626 762 677 religio,
775 628 797 666 ad
810 641 893 679 quantam

158 688 279 727 calamitatem
294 685 388 724 devenisti:
403 685 439 729 Qui
448 694 465 721 te
475 684 519 721 olim
532 683 660 733 glorificabant,
673 686 727 723 modo
741 687 850 737 despiciunt:
864 692 893 741 qni

157 747 280 794 honorabant,
295 745 349 783 modo
368 755 489 782 contemnunt.
508 744 626 793 Dereliquisti
643 745 723 783 mandata
737 746 844 797 legislatoris
857 753 892 798 tui,

157 808 237 847 studium
251 807 378 855 scripturarum
392 803 477 850 abiecisti,
491 813 588 853 propterea
601 804 739 853 contemptibilis
754 807 800 845 facta
814 823 841 848 es:
855 810 893 858 filii,

157 881 202 919 qnos
215 866 302 915 genuisti,
316 865 395 901 fecerunt
408 863 443 900 hoc
455 863 523 900 malurn
533 861 570 900 tibi.
584 863 629 900 Mon
642 864 715 910 etenim,
725 875 745 902 nt
758 868 842 905 monachi
856 883 896 908 coe-

157 937 221 979 perunt
237 935 307 963 terrena
320 936 390 973 sapere,
405 923 491 960 lectiones
505 935 563 959 sacras
577 922 675 972 negligere,
689 925 759 962 interna
772 937 892 977 postponere,

158 987 208 1025 color
221 997 263 1023 tuus
279 985 357 1033 optimus
371 984 389 1020 in
402 981 476 1019 foedum
489 991 569 1018 nrntatus
583 992 616 1019 est:
630 982 661 1019 sed
674 982 726 1031 qnid?
740 985 778 1029 Qui
792 987 845 1034 cadit,
860 987 893 1026 fre-

157 1056 232 1098 quenter
245 1044 320 1094 apponit
338 1054 436 1091 resurgere;
450 1051 469 1078 tu
487 1050 547 1078 autern
565 1041 621 1078 semel
638 1041 695 1090 lapsa,
709 1055 802 1093 rnanquarn
819 1047 837 1083 in
854 1058 893 1084 toto

157 1105 256 1144 surrexisti.
272 1102 321 1148 Quid
335 1101 468 1139 Cluniacensls?
482 1099 532 1144 Quid
545 1099 663 1149 Specuensis?
676 1101 725 1144 Quid
738 1102 831 1142 italensis?
845 1105 893 1150 Quid

159 1163 287 1204 Castellensis?
301 1161 349 1205 Quid
359 1160 472 1196 Melitensis?
484 1158 533 1202 Quid
542 1159 640 1195 novissime
649 1159 789 1199 Bursieldensis?
799 1173 816 1200 et
825 1164 840 1200 si
849 1177 893 1213 quae
937 1204 938 1207 ,

158 1226 202 1262 aliae
216 1231 287 1272 praeter
300 1234 329 1258 eas
342 1220 478 1257 reformationes
493 1218 564 1265 fuerint,
578 1218 620 1267 quid
633 1218 654 1255 ad
667 1228 725 1257 totum
739 1222 822 1260 ordinem
835 1223 893 1261 iacere

158 1292 257 1334 potnerunt
267 1282 351 1318 universo
361 1279 446 1316 diffusum
455 1279 474 1315 in
483 1277 536 1315 orbe?
545 1278 592 1315 Nam
602 1288 619 1315 et
628 1280 643 1315 si
652 1279 773 1318 Cluniacensis
783 1283 801 1320 in
810 1283 893 1321 omnibus

158 1342 221 1381 mundi
235 1340 332 1389 prouinciis
344 1339 404 1375 lnrnen
413 1351 454 1375 suae
464 1338 564 1374 honestatis
576 1337 662 1385 effuderit,
671 1348 730 1376 tamen
739 1341 796 1378 rnnlra
808 1342 893 1381 coenobia

158 1405 174 1441 in
189 1401 265 1439 diuersis
279 1400 338 1449 regnis
351 1399 369 1435 in
382 1398 456 1446 pristina
470 1397 584 1434 deformitate
597 1396 698 1447 dereliquit:
712 1399 773 1437 Exeo
787 1403 834 1438 enim
849 1412 893 1439 tern-

157 1476 208 1513 pore,
223 1473 259 1510 qno
274 1459 337 1508 religio
350 1467 410 1494 nostra
424 1457 483 1505 priruo
497 1456 572 1502 cecidit,
587 1457 633 1494 nulla
646 1471 723 1507 unquam
736 1461 824 1508 generalis
838 1461 893 1499 relot-
908 1480 910 1515 p

157 1523 213 1560 matio
227 1520 267 1556 fnit.
281 1520 299 1557 O
313 1531 365 1568 quarn
379 1517 434 1554 lacilis
447 1516 544 1553 descensus
558 1517 636 1564 Averni;
650 1531 702 1567 quam
715 1530 798 1569 prompta
812 1522 893 1559 volontas

157 1579 281 1630 delinquendi3
299 1591 353 1627 qumn
372 1577 449 1613 manna
468 1585 510 1624 post
530 1575 600 1625 lapsum
616 1577 720 1626 resurgendi
732 1579 754 1615 ad
767 1581 893 1619 rectitudinem

158 1639 264 1678 difficultas?
281 1639 350 1676 Omnes
363 1637 390 1685 (ut
404 1637 428 1673 ita
442 1635 509 1684 dicam)
523 1636 634 1684 ceciderunt3
648 1639 698 1686 pauci
712 1652 721 1675 a
734 1638 849 1679 deformitate
862 1656 893 1679 sua

157 1708 282 1738 surrexerunt:
296 1697 348 1734 multi
362 1697 379 1732 in
388 1696 424 1732 suis
433 1694 556 1744 voluptatibus
570 1706 720 1745 computrescunt.
733 1699 793 1737 Doleo
807 1702 893 1750 superte,

158 1760 212 1799 olios
222 1758 318 1795 htlonastici
333 1755 408 1796 decoris:
422 1755 481 1791 Doleo
495 1764 512 1791 et
522 1754 638 1793 vehementer
651 1756 730 1805 quidem:
744 1768 762 1795 et
776 1761 790 1797 si
804 1761 835 1797 tibi
844 1761 894 1798 aliter

159 1830 263 1857 succurrere
280 1830 318 1854 non
335 1815 393 1858 valeo,
407 1814 507 1862 lachrymas
521 1824 539 1850 et
555 1814 630 1860 calidas,
645 1824 662 1851 et
679 1817 798 1856 amarissimas
814 1832 847 1868 pro
864 1829 894 1857 tna

159 1872 268 1915 contritione
286 1875 351 1912 fundo:
370 1872 405 1910 Sed
420 1883 437 1910 et
450 1886 494 1919 νος,
509 1886 520 1910 0
534 1873 660 1911 Colendissimi
673 1876 741 1921 Patres,
756 1880 786 1927 qui
805 1880 893 1916 honorem

160 1937 228 1976 ordinis
241 1937 298 1971 vestri
311 1933 391 1981 diligitis,
405 1933 435 1981 qui
449 1932 579 1969 contritionem
591 1933 656 1982 loseph
669 1936 726 1971 nostri
739 1939 806 1974 mistici
820 1938 892 1983 doletis,

158 1998 189 2048 qui
202 1996 224 2033 ad
238 2005 328 2031 aeternam
342 1991 467 2029 haereditatem
482 1993 545 2028 uenire
558 1992 630 2040 cupitis,
644 1993 729 2030 attendite
742 2006 809 2033 statum
823 2006 893 2034 nostrae

156 2055 261 2104 religioniS,
275 2053 402 2090 desolationem
417 2052 455 2087 eius
469 2051 561 2099 inspicite,
575 2051 596 2088 de
609 2051 688 2089 remedio
706 2054 789 2102 cogitate.
808 2056 853 2094 Ecce
866 2069 892 2092 ra·
925 2090 926 2093 ,

158 2117 233 2166 piuntnr
246 2114 265 2149 in
279 2112 353 2149 circuitu
370 2110 391 2147 de
407 2110 489 2147 manibus
508 2110 569 2147 Sancti
587 2110 676 2148 benedicti
695 2112 780 2161 opulenta
800 2114 892 2162 coenobia3

159 2188 199 2213 ecce
218 2173 295 2210 claustra
315 2169 445 2208 monachorum
465 2170 573 2207 clericorum
588 2169 632 2207 finnt
649 2170 757 2212 habitacula:
773 2184 790 2211 et
805 2174 826 2211 de
842 2174 892 2211 malis

158 2234 220 2272 studiis
237 2231 323 2269 monachi
336 2231 357 2267 ad
370 2231 446 2278 pessima
463 2230 605 2267 transferuntur:
624 2230 675 2267 Erras
689 2243 700 2267 o
713 2232 809 2279 prudentia
822 2233 892 2280 mundi,

157 2303 236 2344 potestas
245 2290 311 2329 saeculi
321 2289 405 2338 deciperis
409 2304 414 2336 3
423 2303 515 2339 nunquam
525 2303 546 2326 ex
555 2289 603 2326 malo
613 2290 701 2327 monacho
711 2288 778 2328 bonum
788 2293 892 2330 canonicum

157 2356 225 2405 poteris
244 2354 342 2389 instituere.
360 2349 393 2387 Sed
407 2360 423 2386 et
436 2364 469 2387 vos
483 2352 634 2399 praevaricatores
651 2349 745 2388 attendite:
761 2363 851 2401 apostatae
865 2366 892 2391 or-

158 2416 205 2455 dinis
220 2413 330 2450 auscultate:
345 2411 396 2454 Quae
408 2422 440 2447 vos
454 2410 544 2447 delmatia
558 2410 644 2459 impellit,
657 2421 676 2447 ut
690 2412 785 2457 coenobia,
799 2426 844 2462 quae
857 2426 893 2450 nou

158 2473 262 2514 extrusistis
276 2482 338 2509 sancto
351 2469 453 2514 Benedicto,
468 2470 575 2507 destruatis?
588 2470 617 2506 An
629 2471 695 2519 putatis
707 2483 739 2508 vos
757 2485 766 2509 a
780 2472 892 2510 danmatione

159 2535 232 2579 liberos,
247 2532 262 2568 si
275 2531 344 2569 abiecto
363 2530 461 2566 nrormstico
479 2529 580 2575 schemate,
593 2529 658 2566 Clerici
674 2530 763 2578 peccetis?
781 2531 858 2568 Saluabit
871 2544 893 2568 ne

158 2610 191 2634 uos
204 2596 222 2631 in
236 2592 317 2630 districto
338 2590 417 2627 examine
436 2589 523 2638 peccandi
542 2599 655 2639 praesumpta
674 2590 756 2629 licentia?
775 2592 858 2629 Forsitan
875 2592 893 2629 in

158 2657 216 2694 alieno
230 2653 291 2691 habitu
307 2650 422 2690 claernonibus
436 2652 485 2689 eritis
498 2652 597 2701 incogniti?
615 2650 728 2698 Videbimus,
742 2653 757 2688 si
774 2653 823 2690 Deus
837 2661 892 2689 trans-
