1968 3023
189 200 224 237 270
380 191 407 228 Do
419 197 464 228 stain
476 198 491 228 ot
503 191 553 228 ritino
566 192 652 229 monastici
664 192 730 229 orditus.

189 270 230 318 quin
243 270 321 306 nanniano
334 280 385 319 urget
398 271 501 318 necessitas,
515 284 556 308 ctatn
570 284 695 319 perversorum
712 273 842 310 raroraaclrorum
855 272 921 322 ubique

189 340 291 377 praesumat
303 330 392 379 impietas.
407 331 452 367 Ecce
466 331 528 368 divites
545 331 607 368 mundi
625 331 753 369 coeraobiorum
771 332 815 369 bona
833 333 921 369 violenter

93 420 94 430 ,
142 438 143 441 Ἴ
189 389 266 436 rapiunt,
279 402 319 425 ecce
333 391 456 438 possessiones
470 391 537 429 ordinis
551 392 634 428 stvaritiae
648 391 725 429 cultores
735 392 827 439 invadunt,
837 405 878 429 ecce
887 391 921 428 Ab·

189 447 244 484 batias
253 449 270 486 S.
279 448 370 485 Benedicti
379 451 398 486 in
408 451 523 488 commendas
533 451 591 488 clerici
601 451 688 489 seculares
698 453 793 501 accipiunt:
804 466 848 501 quae
861 453 921 489 onmia

188 521 225 545 non
238 507 306 552 fierent,
319 509 334 545 si
347 509 365 545 in
379 508 491 547 observantia
504 510 580 558 regulari
594 509 679 557 Abbates,
689 523 706 548 et
719 512 803 550 monachi
811 524 921 561 perseveras·

93 572 168 632 bregensis
189 576 234 604 sent.
247 567 303 605 Nobis
317 580 360 617 ergo
369 570 486 618 imputemus,
495 569 543 618 quod
552 570 640 618 patimur3
653 571 683 619 qui
693 571 781 611 trralorum
791 571 921 608 temeritatibus

81 615 169 682 diligibili
189 639 226 664 non
238 639 248 663 a
261 628 348 676 principio
361 628 477 666 reluctamur.
487 627 549 676 Nobis,
559 630 637 678 inquam,
647 629 690 671 haee
700 630 751 678 culpa
763 632 808 667 iuste
821 629 920 676 ascribitur,

81 683 169 737 illidii?
190 687 220 735 qui
232 687 298 724 nostris
312 687 413 725 commodis
427 689 490 725 intenti
500 688 567 725 ordinis
578 688 648 734 dartana,
659 689 707 726 velut
717 689 773 727 aliems
782 702 819 726 non
832 701 920 726 cantoratus,

81 746 99 771 1³¹¹
108 746 120 772 ³¹¹
129 746 169 772 ΕΜ·
189 746 305 794 ExurgatrruS,
319 760 358 794 oro,
371 748 439 795 Patres,
453 760 566 796 exurgamus,
580 749 608 784 vel
621 747 660 785 fero
674 749 751 796 tandem,
762 758 802 797 post
815 758 842 786 tot
852 747 921 795 damna,

81 781 168 850 diffidam
188 815 216 842 tot
229 806 312 853 pericula,
325 817 352 843 tot
365 807 464 844 annuarum
474 807 601 856 perditionem,
611 818 628 844 et
637 807 729 854 faciamus,
738 808 786 858 quod
796 808 813 852 in
826 807 876 845 nobis
886 818 919 845 est:

188 865 222 901 Del
231 865 372 903 misericordiam
382 866 403 903 de
412 866 482 915 reliquo
491 869 609 915 postulantes,
617 876 636 903 ut
643 877 725 903 nostrum
735 867 823 905 defectum
834 866 920 916 suppleat,

189 924 249 961 zelum
261 925 329 974 dirigat,
344 935 417 963 coriatus
431 936 502 964 sanctos
516 926 600 974 perficiat.
614 927 635 963 Et
649 927 664 962 si
677 936 735 963 totum
753 927 834 965 ordinem
847 927 869 964 ad
882 927 920 964 uni-

188 994 243 1020 tatem
256 983 312 1021 bouae
326 986 467 1022 conversationis
480 999 517 1023 non
529 985 610 1022 valemus
624 984 714 1031 reducere,
728 986 830 1023 studeamus
843 999 874 1023 eos
887 986 920 1023 sal-

81 1043 169 1103 delgfficffl
189 1052 230 1087 tem,
241 1044 270 1092 qui
280 1044 367 1081 innostra
377 1045 524 1093 provincinsunt,
534 1044 631 1082 monachos
643 1057 675 1092 pro
688 1058 741 1093 posse
754 1044 855 1082 reformare.
866 1044 920 1091 Quod

81 1111 114 1152 nam
126 1104 170 1146 quod
189 1104 203 1139 si
217 1116 253 1140 non
267 1112 325 1152 potest
338 1104 444 1142 omnimoda
457 1105 573 1142 conformitas
587 1104 647 1141 haberi
661 1105 679 1141 in
692 1105 781 1149 omnibus,
792 1106 810 1141 in
823 1104 878 1142 tribus
888 1105 920 1141 sal-

81 1154 94 1171 ¹¹¹
103 1154 117 1172 ⁵²
127 1153 151 1172 est.
189 1172 225 1199 tem
239 1163 360 1200 reformentur
377 1164 529 1210 substantialibus
542 1165 580 1201 siue
597 1163 660 1214 quibus
678 1165 713 1201 vita
731 1164 860 1201 monachorum
878 1165 921 1201 nibil

58 1216 60 1222 ’
126 1236 127 1239 ’
142 1243 144 1249 ·
189 1222 236 1259 aliud
245 1222 333 1260 censenda
343 1232 375 1269 est,
384 1237 437 1272 quam
448 1225 516 1261 atuinaae
526 1223 602 1261 infidelis
611 1234 663 1273 turpe
672 1223 797 1272 prostibulum.
809 1223 920 1262 Reformatio

189 1291 248 1319 autem
262 1282 282 1319 ab
295 1281 393 1319 Abbatibns
410 1283 511 1332 incipienda
529 1292 565 1329 est3
579 1292 596 1319 et
614 1284 632 1319 iu
648 1283 746 1320 mormcbos
764 1282 846 1331 deinceps
865 1284 920 1319 conti-
949 1302 951 1304 >

188 1340 264 1379 uuanda.
274 1342 314 1379 Nisi
328 1342 375 1378 enim
389 1352 449 1390 pastor
462 1342 484 1379 ad
493 1342 614 1379 sinceritatem
623 1340 706 1378 reductas
716 1341 775 1388 fuerit,
785 1342 846 1378 ovium
855 1343 920 1378 sanitas

189 1401 218 1439 diu
231 1414 268 1438 rrou
282 1401 360 1438 durabit:
372 1402 433 1451 Vulgo
446 1415 523 1451 tantasque
536 1402 609 1439 dicitur:
623 1403 672 1438 Dum
689 1411 740 1449 caput
753 1411 839 1450 aegrotat,
852 1413 920 1438 caetera

188 1459 268 1497 inerrabra
282 1460 351 1497 dolent:
366 1462 381 1498 A
391 1462 448 1510 capite
458 1461 513 1510 igitar
522 1462 581 1498 omnis
591 1471 663 1498 ornatus
677 1463 756 1509 corporis
766 1460 876 1498 inchoandus
886 1471 918 1497 est.

187 1520 232 1557 Sunt
245 1520 317 1568 quidam
326 1519 403 1557 Abbates
418 1520 519 1566 deformati,
531 1522 561 1571 qni
573 1520 595 1557 ad
608 1519 756 1557 reformationem
770 1520 867 1557 monachos
877 1532 919 1557 suos

187 1579 242 1616 velint
256 1570 369 1627 compellere,
382 1579 413 1616 sed
427 1581 461 1628 ipsi
475 1580 598 1617 observantiae
608 1579 690 1628 regulari,
700 1580 759 1616 necin
770 1580 845 1616 minimo
859 1579 921 1616 volunt

187 1637 284 1681 subiacere,
298 1636 339 1674 odio
353 1637 438 1674 habentes
451 1638 469 1674 in
483 1652 501 1674 se
515 1637 590 1683 bonum,
605 1638 654 1687 quod
668 1638 685 1674 irs
699 1637 736 1674 aliis
751 1637 832 1685 diligunt,
842 1646 859 1674 et
873 1637 920 1685 quod

188 1696 268 1734 subditus
281 1696 383 1745 prohibent,
395 1710 426 1746 per
440 1710 458 1733 se
472 1697 529 1734 facere
542 1710 579 1734 raon
588 1696 700 1734 erubescunt.
710 1696 784 1733 Talibus
797 1709 808 1733 o
821 1698 881 1733 Patres
891 1709 921 1734 no-

187 1756 218 1794 lite
231 1756 326 1803 confidere,
335 1757 369 1804 ipsi
379 1766 420 1793 sum
430 1757 483 1800 enim,
493 1757 523 1805 qui
534 1770 566 1793 nos
577 1755 697 1793 confundunt:
707 1756 819 1793 visitationes
829 1766 919 1804 spernunt,

188 1817 257 1854 decreta
271 1816 387 1864 capitulorum
402 1826 524 1853 contemtmnt.
538 1816 597 1852 Faciat
614 1828 647 1852 nos
665 1816 773 1863 experientia
792 1825 859 1860 casatos,
874 1828 919 1863 qnos

187 1874 236 1912 zelus
249 1874 343 1923 aliquando
357 1875 395 1910 sine
409 1874 483 1911 scientia
497 1874 538 1911 fecit
552 1874 669 1922 poenitentes.

230 2005 277 2041 Quod
285 2004 374 2035 visitationes
384 2006 405 2034 ad
414 2005 547 2041 reformationem
556 2004 619 2034 ordinis
628 2005 681 2034 nostri
690 2004 755 2033 aeream
763 2013 797 2033 osse
806 2003 875 2033 solliciti.

508 2063 546 2101 Cap.
558 2064 599 2093 XII.

188 2178 251 2267 Vis
264 2182 324 2210 autern
333 2172 466 2210 reformationis
476 2173 553 2209 trrztxima
562 2186 616 2222 penes
625 2172 730 2209 industriam
740 2172 854 2208 visitatorum
863 2171 921 2219 posita

90 2231 167 2292 ffiffi
249 2242 280 2269 est.
294 2231 362 2269 Idcirco
375 2232 443 2274 dicitur
453 2233 471 2268 in
485 2231 643 2269 constitutionibus
656 2231 734 2277 Patruus,
749 2241 767 2268 ut
780 2230 801 2267 ad
814 2230 920 2268 visitationis

80 2275 139 2327 debean.
187 2292 267 2329 officium
280 2292 313 2328 viri
327 2289 436 2339 deputentur
448 2290 517 2328 idonei:
531 2292 561 2340 qui
575 2290 635 2337 verbo,
647 2299 664 2327 et
678 2290 760 2338 exemplo
774 2290 795 2326 ad
809 2289 920 2326 honestatem

187 2351 326 2387 conversationis
339 2350 437 2388 visitandos
447 2349 542 2386 efficaciter
551 2350 620 2399 possint
629 2350 721 2386 instruere.
731 2349 809 2397 Oportet
818 2349 865 2385 enim
874 2348 920 2384 Visi-

187 2420 263 2447 tatorem
277 2409 351 2447 doctum
364 2423 402 2447 esse
416 2411 434 2446 in
447 2409 486 2459 lege
501 2409 566 2446 divina.
581 2409 660 2457 Oportet
673 2418 766 2454 sanetum,
781 2417 798 2444 et
812 2408 920 2456 irrepreben-
953 2443 955 2446 .

187 2470 256 2507 sibilent
269 2483 308 2506 esse
321 2471 363 2516 vita,
376 2479 395 2506 ut
408 2469 464 2507 verbo
478 2469 551 2516 dociles,
565 2468 647 2517 exemplo
661 2468 737 2504 instttutt
755 2468 861 2515 pertinaces.
875 2467 921 2505 Nam

187 2543 242 2567 uuum
252 2531 290 2567 sine
299 2528 355 2566 altero
364 2530 382 2565 in
391 2540 461 2566 rectore
470 2530 570 2566 atrianorum
579 2541 616 2564 non
625 2526 697 2564 sufficit:
711 2526 729 2563 Si
742 2527 789 2564 enirn
798 2525 852 2563 idiota
861 2524 920 2573 fuerit,

80 2579 167 2640 ,fffffi‘fflblffi
187 2588 278 2638 quomodo
296 2587 340 2626 alios
357 2587 473 2625 informabit?
488 2588 507 2624 Si
525 2587 636 2625 conversatio
654 2584 710 2622 bonae
728 2586 802 2622 actionis
818 2585 921 2633 esernplam

80 2648 168 2690 sairatraepre-
187 2648 279 2685 visitandis
292 2659 328 2684 non
342 2645 448 2695 praebuerit,
457 2645 550 2696 quomodo
559 2645 581 2683 ad
590 2645 737 2682 reformationem
750 2658 781 2682 eos
795 2642 921 2681 cohortabitur.

81 2683 168 2716 insinuasset
229 2707 233 2714 ,
345 2707 348 2714 ,
503 2705 513 2713 ..
600 2705 621 2712 ..
720 2703 723 2710 .
856 2703 859 2710 ·

24 2717 25 2724 ¹
51 2721 52 2733 ³
71 2743 75 2748 ,
187 2706 252 2744 Audiet
265 2720 307 2744 sane
319 2705 409 2744 obtectum
423 2705 524 2755 proverbii,
538 2719 573 2756 quo
588 2704 661 2741 dicitur:
674 2704 745 2741 Medrce
763 2715 804 2740 cura
822 2714 838 2740 te
855 2715 920 2751 rpsurn.

12 2729 56 2760 a,

50 2792 52 2805 l
