1968 3023
348 116 390 154 porro
402 103 517 142 memorabilia
529 103 567 142 visa
579 110 621 141 sunl.

280 185 294 216 L

111 284 164 314 Labor
174 285 287 315 monachorum
297 285 379 321 manualis,
390 293 413 321 4²·

112 333 229 364 Lachrimarum
239 334 274 364 sons
284 345 293 365 e
301 335 366 365 diversis
374 334 423 372 venis,
431 343 464 364 sca-

136 383 178 421 turit,
190 386 223 414 216.

111 432 158 469 Legis
172 434 270 464 conservatio
284 434 330 464 timor
341 438 364 464 est
375 433 462 472 potestatis,

136 483 169 519 263,

111 530 169 561 Libido
181 532 247 562 vicentia
260 541 291 562 non
305 542 364 570 pugna,
378 532 406 563 sed
420 533 462 570 suga,

137 589 170 617 151.
443 616 445 619 ¹

111 630 187 660 Libidinis
201 635 261 661 aestum
275 631 355 669 quomodo
371 631 461 669 extinguas,

137 688 170 716 152.

111 728 187 766 Libidini,
204 730 230 766 qui
245 739 280 760 sese
295 727 350 760 semel'
359 729 463 767 permiserunt

135 788 167 808 non
178 783 237 809 temere
247 783 378 817 compunguntur,
391 788 424 816 153.

111 827 194 858 Librorum
203 828 332 859 excudendorum
342 838 367 859 ars
374 829 463 865 Mogontiae

136 877 205 915 inventa,
216 880 240 915 46.

111 926 193 957 Librorum
201 927 264 965 scriptio
270 937 309 965 opus
317 927 396 957 monachis
402 932 461 965 aptuml

135 985 159 1013 rs-

112 1026 228 1063 Loquutionum
238 1036 297 1064 genera
305 1027 333 1056 tria
341 1027 361 1056 D,
370 1026 462 1057 Benedictus

137 1075 207 1112 damnat,
219 1079 242 1106 oo.

278 1176 295 1205 M

111 1273 153 1303 Mala
160 1273 225 1303 tolerata
233 1273 283 1310 magis
289 1278 361 1311 purgant,
368 1283 414 1311 quam
421 1277 461 1310 acta,

136 1324 160 1359 67.

113 1372 150 1401 Mali
157 1371 195 1402 nihil
202 1372 218 1401 in
226 1374 284 1409 Coelo;
292 1373 328 1403 boni
335 1373 373 1402 nihil
380 1373 395 1402 in
402 1372 462 1403 mundo

136 1422 198 1458 habent,
212 1430 244 1459 127.

111 1470 193 1500 Meditatio
204 1471 258 1502 Mortis
266 1481 313 1509 qnam
321 1472 366 1510 plena
374 1472 424 1502 bonae
431 1471 460 1501 sru-

134 1519 164 1557 gis,
177 1527 209 1556 170,

111 1569 156 1598 Mens
167 1568 188 1598 illi
198 1573 249 1606 vacet,
260 1579 307 1607 quem
318 1580 359 1607 oras,
372 1579 403 1601 rao.

110 1619 200 1649 Mercedem
210 1620 286 1650 malorum
296 1624 369 1656 meretur,
377 1620 404 1657 qui
411 1620 460 1649 malos

102 1665 104 1669 '
134 1667 175 1705 lacit,
188 1677 222 1705 252.

110 1717 165 1747 Militia
180 1718 263 1756 spiritualis
277 1719 389 1749 monachorum
405 1718 461 1748 descri-

134 1767 207 1804 triton-5.

105 1816 174 1847 Militiae
185 1817 268 1855 spiritualis
278 1818 361 1855 proiectus,
374 1826 396 1847 ro.

112 1867 184 1896 Monachi
195 1871 265 1904 etymon,
276 1871 292 1896 et
302 1876 365 1904 scopus,
376 1875 389 1903 5,

109 1916 182 1946 Monaclri
193 1916 216 1946 bis
230 1916 307 1946 dederunt
318 1916 381 1946 nomina
392 1917 460 1953 Impera·

133 1964 162 1993 tori
174 1963 242 2000 Christo,
253 1972 268 2000 7.

109 2012 182 2042 Monachi
196 2013 259 2043 omnino
272 2017 299 2043 aut
312 2013 373 2050 felices,
384 2017 410 2043 aut
423 2014 460 2054 inie-¹

134 2062 177 2099 lices,
188 2071 212 2099 34.

110 2112 191 2141 Monachis
201 2121 249 2149 quam
259 2116 304 2142 caute
314 2111 404 2149 vivendum,
416 2120 449 2149 177.

111 2162 224 2191 Monachorum
235 2166 291 2199 partes,
303 2171 316 2198 5.

111 2212 197 2241 Monachus
214 2211 283 2241 sincerus
298 2213 360 2249 sem‘per
375 2212 460 2242 monachus

134 2262 182 2298 solus,
194 2264 218 2291 80,

110 2312 196 2341 Monachus
210 2320 248 2340 auro
258 2310 317 2347 similis¹
328 2313 351 2342 So,

110 2361 300 2397 Monachusprosesslonis
305 2370 425 2398 suaenunquam
432 2360 459 2390 inr-

116 2406 117 2411 ’
133 2419 195 2440 nremor
203 2410 229 2446 sit,
241 2419 273 2446 143.

109 2460 196 2489 Monachus
207 2459 288 2490 diuturnus
298 2465 361 2497 martyr,
373 2462 405 2497 146.

109 2510 195 2539 Monachus
206 2509 285 2546 Angelum
296 2510 326 2539 Dei
336 2510 396 2545 referat,
409 2511 442 2545 184,

110 2560 197 2588 Monachus
210 2563 233 2588 est
247 2559 277 2588 Dei
291 2559 355 2595 amicus¹
367 2559 459 2595 nristerialis,

133 2610 203 2646 intiurus,
214 2611 311 2647 secretarius,
323 2613 356 2646 248.

821 112 856 151 279

502 185 598 215 Monachum
611 195 620 214 a
636 194 678 215 noro
693 184 775 214 instituere
788 183 855 219 facilius,

527 244 574 272 quam
590 234 676 272 pessimum
692 244 701 264 a
716 234 759 263 malo
773 242 856 270 revocare,

526 286 559 314 2682

501 333 580 363 Monacho
587 333 629 363 viam
637 333 691 363 salutis
697 342 773 371 aggresso
781 342 822 370 quae
829 341 855 362 ne-

526 382 599 420 cessaria,
610 392 643 413 201,

502 432 589 462 Monachus
601 432 683 470 quomodo
696 432 765 462 imitetur
775 431 854 462 Christum

525 482 627 512 saluberrima
638 481 730 518 admonitio,
743 491 766 519 13.

501 531 588 561 Monachus
598 531 669 569 quotidie
680 540 697 562 se
708 530 763 561 melior
773 531 805 567 fiat,
816 539 840 569 97.

500 581 573 611 Monachi
580 580 628 611 sacris
637 581 717 610 ordinibus
725 580 813 617 inaugurati
819 589 854 610 san-

524 631 594 660 ctitatem
604 629 697 668 ampliorem
708 629 771 666 debent,
782 639 806 660 12⁴

500 680 587 710 Monachus
599 681 657 718 probus
670 679 708 709 nihil
722 679 763 709 celat
774 679 853 709 Abbatem

524 739 576 767 suum,
588 731 611 767 85.

500 780 586 810 Monachus
597 779 677 817 praesecto
684 789 713 810 suo
720 788 749 817 per
759 779 813 809 omnia
821 787 854 808 mo-

524 838 557 859 rem
568 833 616 866 gerat¹
630 838 663 865 113.

500 878 573 908 Monachi
583 878 635 908 felices
646 879 705 908 honum
715 878 756 908 nacti
767 878 852 915 abbatem,

525 936 558 964 rra.

500 978 614 1007 Monachorum
628 977 702 1015 praefecti
718 981 795 1014 quatenus
808 986 853 1013 prae-

524 1030 566 1056 stent
576 1036 611 1056 sese
621 1026 694 1063 humiles,
707 1035 739 1063 194.

499 1076 572 1105 Monachi
584 1076 622 1106 nihil
633 1075 713 1114 proprium
725 1075 813 1113 possident,
823 1075 852 1105 sed

524 1125 575 1155 aliena
585 1126 627 1155 bona
637 1125 669 1155 fide
679 1125 751 1162 retinent,
762 1125 799 1155 2⁶0,'

500 1173 587 1203 Monachus
602 1182 665 1211 semper
682 1182 726 1203 orare
739 1173 794 1211 spiritu
809 1176 852 1203 tene·

523 1227 553 1259 tur,
565 1232 588 1260 5o.

499 1272 586 1302 Monachus
596 1281 648 1302 sacras
658 1272 717 1302 litteras
728 1272 783 1307 discat,
794 1280 817 1308 ³1-

500 1321 587 1351 Monachus
597 1322 670 1359 exemplo
682 1322 785 1351 saecularium
795 1321 851 1361 excite·

512 1375 542 1408 tur,
554 1379 578 1408 47.

499 1421 595 1457 Monachus,
606 1430 634 1451 ceu
645 1421 702 1450 animal
714 1420 800 1455 mundum,
811 1430 851 1451 sem·

522 1470 610 1507 persancti
621 1470 702 1508 quidpiam
712 1469 785 1507 ruminet,
797 1472 821 1506 46.

499 1519 586 1549 Monachus
596 1520 651 1550 saltem
661 1520 710 1550 semel
721 1529 749 1558 per
756 1519 799 1549 diem
806 1518 851 1549 remi-

522 1569 591 1598 niscatur
601 1568 678 1606 passionis
688 1568 759 1606 Domini,
771 1577 803 1605 115.

497 1618 570 1647 Monachi
580 1618 638 1648 saeculi
648 1618 705 1655 subula,
718 1627 750 1654 aaa

497 1667 585 1697 Monachus
594 1667 712 1704 scommatibus,
720 1672 736 1697 et
743 1667 810 1698 dicteriis
817 1678 851 1698 sae-

522 1717 597 1746 cularium
607 1725 639 1746 non
650 1721 737 1754 moveatur,
748 1720 772 1747 81.

498 1766 611 1796 Mouachorum
618 1770 641 1796 tot
649 1770 685 1796 srrnt
692 1767 708 1797 in
715 1768 778 1797 saeculo
785 1768 850 1805 iudices,

522 1820 561 1852 quot
570 1820 672 1854 spectatores,
684 1818 707 1847 80,

498 1866 571 1895 Monachi
583 1870 616 1895 tota
627 1866 658 1895 vita
669 1866 800 1904 quadragesimae
810 1868 851 1898 vitae

521 1920 551 1952 est,
563 1925 596 1946 110*

497 1965 576 1994 Monacho
583 1965 598 1994 in
606 1965 659 2002 primis
664 1965 746 1996 vitandum
752 1966 809 2003 ocium,
816 1976 850 1998 111.

497 2015 584 2044 Monachus
594 2024 614 2044 ne
625 2015 686 2045 differat
696 2015 763 2053 tempori
777 2015 851 2053 irrepenti

521 2073 608 2101 occurrere,
619 2073 643 2101 37.

484 2112 485 2116 ’
497 2114 575 2143 Monacho
585 2114 623 2143 nihil
633 2114 653 2143 sit
665 2124 717 2152 neque
727 2115 813 2152 amicitiae,
824 2126 852 2145 ne·

521 2172 552 2200 que
562 2163 652 2193 commercii
658 2173 694 2193 cunr
704 2164 815 2201 saecularibus,
826 2167 850 2201 83.

497 2213 584 2242 Monachus
599 2222 665 2250 peregre
675 2214 732 2244 missus
743 2215 824 2251 quomodo
833 2224 851 2245 se

521 2266 571 2299 regat,
583 2270 607 2300 79.

497 2312 584 2342 Monachus
597 2312 650 2341 animo
665 2321 746 2350 nunquam
758 2317 802 2343 extra
815 2324 850 2344 coe·

521 2362 586 2392 nobium
596 2363 622 2399 sit,
634 2371 658 2400 79.

497 2413 577 2442 Monacho
587 2413 629 2441 bono
639 2412 677 2442 nihil
689 2413 753 2448 felicius,
767 2415 789 2443 16.

497 2462 579 2491 Monachis
593 2466 647 2491 sancte
663 2462 751 2492 viventibus
764 2462 801 2492 nihil
814 2463 851 2493 dee-

521 2511 546 2548 rit,
558 2520 590 2548 ²4³·

497 2560 570 2590 Monachi
577 2564 638 2590 veteres
645 2560 702 2590 multos
709 2562 764 2598 verbo,
772 2566 787 2591 et
797 2572 850 2592 exem-

520 2611 547 2647 plo
557 2611 577 2639 ab
588 2609 669 2647 iniquitate
679 2615 794 2648 converterunt,
806 2621 840 2649 232.
