1968 3023
411 178 467 215 Sermo
481 177 511 215 tv.
795 188 828 214 201

93 258 153 295 tionis.
166 259 225 296 Deum
239 271 291 307 super
305 259 365 295 omnia
381 257 463 306 diligere,
476 257 494 292 in
507 256 558 294 bonis
572 271 591 295 se
605 258 688 307 operibus
702 258 768 307 iugiter
781 271 830 295 ener-

93 330 138 365 cere,
148 319 166 356 in
175 318 225 356 otrrrti
234 319 311 367 puritate
320 329 391 355 servare
400 316 534 364 conscientiam,
543 317 588 354 nulii
601 317 659 355 facere
669 319 758 365 iniuriam,
767 331 829 355 vetum

68 411 70 416 .
92 387 168 425 praestat
180 378 250 414 animae
263 377 348 415 viaticum
362 376 383 413 ad
397 376 472 426 patriam
486 376 504 412 in
518 375 590 413 coelum
605 377 738 426 sempiternam.
752 378 830 423 Quarto,

92 435 189 474 viatoribus
209 437 330 474 necessarium
347 435 455 479 consulitur,
469 448 492 472 ne
505 435 610 485 priusquam
623 438 728 485 perveniant
740 436 762 473 ad
776 436 829 474 finem

91 495 169 542 itineris,
183 496 242 545 coepti
258 495 346 545 propositi
362 495 495 533 obliviscantur.
512 494 581 531 Stultus
594 496 661 532 etenim
673 496 732 533 viator
745 495 829 533 dicendus

92 563 123 603 est,
137 556 167 605 qui
180 567 277 605 puerorum
290 555 336 592 ludis
353 564 447 592 revocatur
459 553 480 592 ab
493 554 567 601 itinere,
581 564 598 592 et
611 553 728 600 obliviscitur,
742 568 778 605 quo
791 565 829 592 ten-

92 613 143 652 debat
156 615 187 653 ire.
201 615 223 652 Et
231 628 270 661 nos,
279 614 342 651 fratres
357 614 463 661 charissimi,
477 615 507 663 qui
516 614 564 651 viam
578 613 671 663 religionis
685 615 795 652 monasticae
803 627 830 651 ar-

91 675 189 724 ripuimus‚
203 687 276 711 necesse
290 683 326 721 est,
339 684 359 710 ut
372 686 443 723 semper
455 673 510 711 finem
523 684 606 711 nostrum
620 675 730 725 cogitemus,
744 675 829 724 quonlam

91 732 143 771 nobis
161 735 214 770 eriam
228 746 264 770 non
277 732 410 770 advertentibus
429 733 509 782 quotidie
526 746 576 771 mors
592 743 686 783 properat,
700 744 717 771 et
732 734 836 784 imparatos

91 793 150 838 simul,
160 803 177 829 et
186 801 257 841 paratos
267 791 334 829 iudicio
347 801 453 840 praesentat.
466 794 546 841 Agamus
559 794 627 830 interea
641 792 715 841 bonum,
725 793 768 831 dum
781 793 828 840 iicet,

93 862 180 902 quantum
196 864 302 900 possumus,
316 862 333 888 et
347 852 426 888 converti
439 850 461 888 ad
473 852 574 890 Dominum
587 853 605 889 in
618 862 658 890 toto
672 853 725 890 corde
743 866 781 891 non
793 864 828 890 tar-

91 912 161 949 demus·
174 910 255 949 Christus
269 920 296 947 est
309 912 343 957 uia,
357 923 387 959 per
401 923 454 959 quarn
468 910 490 947 ad
502 924 578 960 regnum
587 912 620 949 Dei
634 913 732 962 pergimus.
746 913 828 951 Christus

92 981 119 1009 est
127 972 199 1017 veritas,
208 971 226 1007 in
235 982 269 1019 qua
278 979 370 1006 manentes
384 982 421 1007 non
433 982 518 1007 erramus.
532 970 615 1008 Christus
628 973 665 1009 vita
679 982 711 1019 est,
725 986 779 1021 quam
792 987 829 1024 spe·

91 1044 157 1068 ramus.
174 1031 250 1076 Audite,
263 1029 337 1074 fratres,
352 1029 394 1079 quid
407 1029 445 1078 ipsc
458 1028 505 1067 dicat
517 1030 536 1066 in
549 1039 611 1067 sancto
625 1032 725 1082 evangelio:
740 1033 778 1077 Qui
790 1033 829 1070 vult

91 1092 152 1129 venire
166 1100 206 1139 post
215 1103 251 1145 me,
260 1088 334 1138 abneget
344 1089 467 1137 semetipsum,
475 1098 493 1125 et
502 1089 552 1127 tollat
566 1103 637 1127 crucem
651 1104 708 1137 suant,
718 1103 735 1129 et
744 1103 828 1143 sequatur

91 1164 125 1188 tue.
139 1150 189 1186 Haec
204 1157 230 1186 est
244 1148 280 1192 via,
294 1160 346 1197 quam
360 1161 369 1184 a
383 1148 470 1197 principio
488 1149 597 1186 monasticae
614 1150 731 1198 professionis
748 1153 789 1190 estis
802 1154 828 1190 in-

91 1211 160 1260 gressi,
173 1220 227 1258 quam
240 1208 255 1244 si
268 1206 322 1243 vultis
340 1214 398 1254 recte,v
408 1217 425 1244 et
437 1206 548 1245 laudabiliter
564 1221 648 1257 pergere,
662 1210 752 1258 oportebit
765 1224 797 1249 vos
810 1213 828 1249 in

91 1270 205 1308 observantia
219 1267 296 1318 regulari
308 1280 352 1316 pure
367 1278 503 1314 conversantes,
518 1268 611 1305 Christum
625 1282 677 1319 super
691 1272 752 1308 omnia
764 1286 829 1311 amare.

91 1332 178 1368 Vestrum
191 1340 225 1375 est,
235 1328 303 1371 fratres,
313 1326 358 1364 nihii
368 1327 385 1364 in
394 1327 429 1364 hoc
441 1327 509 1365 mundo
523 1327 604 1376 diligere,
613 1338 631 1365 et
640 1342 712 1367 carnem
721 1344 754 1380 pro
768 1345 829 1371 amore

91 1391 125 1427 Dei
135 1390 226 1439 castigare.
240 1387 370 1424 Monachorum
384 1396 411 1423 est
424 1400 487 1424 omnes
501 1387 579 1435 delicias,
589 1397 606 1425 et
615 1389 717 1437 voluptates
730 1395 828 1441 praesentis

91 1449 137 1485 vitae
152 1456 277 1492 contemnere,
291 1456 307 1482 et
320 1445 365 1483 nihii
378 1445 436 1491 aliud,
451 1459 504 1494 quam
518 1447 635 1495 sempiternas
649 1449 709 1497 epulas
723 1450 827 1492 desiderare.

91 1505 223 1543 Mouachorum
234 1515 260 1542 est
269 1505 362 1541 Christum
375 1516 408 1552 pro
422 1504 489 1541 viribus
502 1505 574 1552 imitari,
584 1514 601 1542 et
610 1507 665 1543 vitam
679 1521 729 1546 suam
743 1523 763 1547 ae
777 1524 828 1549 evan-

90 1560 166 1614 gelicam
185 1565 278 1602 instituere
297 1564 398 1613 puritatem.
418 1564 486 1600 Imitari
499 1563 591 1602 Christum
609 1579 680 1603 summa
696 1568 782 1617 perfectio
796 1580 827 1609 est.

90 1625 174 1662 Minister
188 1624 256 1661 Christi
269 1623 326 1660 fidelis
339 1624 438 1661 Dominum
452 1636 504 1660 suum
518 1625 610 1674 sequitur3
624 1636 641 1662 et
654 1625 684 1663 ubi
698 1627 780 1666 Christus
793 1640 828 1678 est,

91 1686 159 1722 illicet
174 1685 256 1723 minister
270 1685 308 1721 eius
326 1684 365 1722 erit.
382 1684 491 1733 Quicunque
506 1685 561 1733 igitur
573 1694 654 1723 vestrum
670 1689 752 1736 propriae
766 1690 828 1728 salutis

849 1042 886 1070 Matr.
897 1042 917 1070 16.

91 1756 166 1789 amator,
176 1744 197 1781 ad
206 1757 282 1792 regnum
292 1743 384 1780 coelorum
393 1744 454 1798 venire
462 1753 503 1791 post
513 1743 605 1780 Christum
615 1744 711 1783 desiderat:
726 1749 827 1799 quicunque
857 1760 858 1763 ’

91 1805 190 1851 custodire,
204 1814 221 1841 et
234 1815 304 1840 servare
321 1815 377 1851 usque
394 1803 413 1838 in
430 1802 483 1839 finem
498 1815 526 1849 ea,
540 1815 585 1852 quae
601 1806 684 1852 promisit
701 1807 719 1842 itt
735 1808 827 1857 religionis

91 1871 177 1919 ingressu,
191 1873 248 1913 optat,
261 1863 314 1899 etiarn
327 1863 360 1897 ista
373 1860 467 1898 custodiat.
514 1890 517 1895 .
630 1914 631 1917 Ἰ

137 1929 157 1964 ln
170 1924 233 1974 primis
247 1930 332 1971 quantum
346 1919 441 1969 praevalet,
450 1920 550 1958 nronachus
564 1922 620 1959 discat
633 1936 664 1972 per
677 1924 738 1973 fidem,
748 1937 765 1964 et
775 1926 829 1965 devo-

85 1990 159 2025 tionem
168 1986 228 2022 Deum
238 1984 257 2019 in
270 1981 371 2018 sinceritate
384 1981 449 2016 mentis
463 1993 578 2029 cognoscere,
588 1993 605 2018 er
618 1996 637 2019 se
651 1985 701 2021 omui
714 1994 797 2035 tempore
809 1988 828 2024 in

89 2046 182 2095 scripturis
196 2043 262 2080 sanctis
270 2042 305 2091 pie,
315 2051 332 2077 et
340 2039 399 2076 sobrie
409 2052 502 2088 occupare.
515 2040 545 2084 Ea,
555 2054 600 2090 quae
610 2052 671 2079 sancta
680 2043 761 2082 fidelium
770 2057 827 2084 mater

91 2106 165 2144 ecclesia
184 2104 212 2140 vel
232 2100 329 2147 credenda,
343 2099 372 2137 vel
385 2099 471 2137 servanda
486 2102 562 2147 statuit,
576 2101 661 2147 fideliter,
675 2102 796 2155 firmiterque,
810 2118 827 2144 et

90 2165 155 2211 credat,
163 2174 180 2201 et
191 2162 285 2208 custodiat,
292 2173 325 2198 nec
334 2159 355 2196 ab
365 2160 402 2196 eius
410 2159 558 2197 determinatione
568 2160 655 2198 ullatenus
664 2163 741 2201 recedat.
751 2165 826 2213 Omnes,

90 2234 211 2263 remanserant
225 2232 274 2259 entra
286 2234 350 2265 arcam,
364 2220 451 2257 diluvium
464 2220 555 2270 quondam
568 2221 656 2269 perdidit,
670 2223 720 2259 solus
732 2224 773 2262 Noe
787 2238 827 2262 cum

90 2285 117 2330 iis,
127 2284 156 2333 qui
170 2283 243 2320 fuerunt
252 2283 269 2318 itt
279 2293 324 2327 arca,
333 2280 392 2317 salvus
406 2280 466 2317 evasit.
479 2281 526 2316 Arca
539 2280 615 2328 figuram
629 2280 714 2319 ecclesiae
727 2285 826 2331 praestitit3

90 2357 107 2382 et
120 2356 148 2381 res
162 2342 208 2379 facta
221 2342 327 2390 mysterium
340 2339 429 2389 figuravit.
444 2338 497 2375 Uude
510 2352 547 2376 non
560 2349 586 2376 est
599 2339 703 2377 hominibus
716 2341 763 2378 salus
777 2353 826 2380 entra

90 2403 189 2449 ecclesiam,
199 2414 252 2451 quam
261 2401 351 2437 Dominus
364 2409 425 2436 noster
434 2399 482 2435 lesus
492 2398 573 2436 Christus
583 2398 682 2437 aedificavit
691 2413 744 2449 supra
756 2412 826 2450 petram

90 2464 217 2502 firmissimam.
231 2460 309 2498 infidelis
323 2461 398 2509 quisque
413 2472 449 2495 uon
463 2467 489 2495 est
506 2459 525 2495 in
538 2459 618 2505 ecclesia,
632 2472 675 2508 ergo
688 2460 752 2508 peribit
765 2475 826 2499 neces-

90 2525 148 2570 satio,
161 2524 207 2559 sicut
220 2520 245 2557 illi
259 2518 357 2569 quondam,
371 2519 401 2567 qui
414 2530 450 2554 non
463 2517 535 2554 luerunt
548 2519 567 2554 in
579 2530 624 2555 arca.
640 2519 710 2556 Omnes
724 2521 781 2564 enim,
796 2523 826 2571 qui

76 2608 79 2620 ·
89 2597 126 2620 non
136 2582 209 2620 credunt
219 2582 237 2617 in
246 2579 352 2623 Dominum,
361 2587 378 2614 et
388 2577 498 2614 Salvatorem
508 2576 571 2613 tttttndi
583 2576 643 2613 Iesum
658 2576 750 2621 christum,
760 2579 826 2627 Iudaei,

89 2642 161 2692 Pagani,
175 2641 261 2689 Gentiles,
274 2642 363 2686 Saraceni,
378 2640 421 2676 item
433 2638 529 2685 Haerenti,
543 2645 596 2686 atque
609 2636 728 2685 Schismatici,
737 2639 768 2688 qui
777 2652 796 2676 se
805 2638 826 2676 ab

90 2705 155 2742 unione
165 2703 254 2740 Ecclesiae
263 2702 359 2740 caritolicae
369 2700 498 2747 subtraxerunt,
508 2709 556 2737 entra
565 2698 627 2736 salutis
637 2711 695 2736 arcam
708 2709 750 2737 sunt
763 2700 825 2749 positi,

870 1952 935 1979 Monacho

847 1986 881 2013 viam
899 1989 934 2014 salu-

847 2022 863 2046 tis
872 2030 935 2057 aggresso

847 2064 887 2089 quae
902 2058 935 2084 sint

847 2093 923 2119 necessaria.
