1968 3023
38 607 39 610 ’
52 602 89 628 Habe
99 602 124 636 spi-

36 637 75 664 tituta
94 637 125 669 Dei,

36 678 48 698 et
53 671 125 698 omniainr-

36 706 98 742 pertabis.

145 166 167 204 54
272 182 281 190 ..
336 154 385 203 Quod
397 156 430 194 rina
443 156 559 195 ammissione
571 157 592 193 rit
605 156 691 194 arandara.

144 236 201 273 oratio
215 234 285 282 devota,
301 244 318 272 et
331 235 398 273 fervida
411 246 486 285 nequeat
499 235 601 284 impetrare.
615 235 668 272 Tunc
680 244 740 273 autem
754 245 826 273 orantes
837 235 881 274 fidu·

144 295 188 331 ciam
202 294 317 343 impetrandi,
332 295 381 345 quod
393 295 509 344 postulamus,
519 295 618 332 aDomino
631 295 738 343 accipimus3
747 293 790 332 curn
798 294 880 344 precibus

144 355 209 391 nostris
226 355 272 391 vitae
289 356 367 402 pravitas
381 354 428 391 nulla
446 354 557 391 contradicit.
575 355 623 392 Nam
638 355 694 391 iustae
712 355 768 403 precis
787 355 881 392 exauditor

144 424 169 450 est
183 414 279 460 Dorrrinus3
294 414 366 463 quando
380 413 461 451 videlicet
475 415 576 451 orationem
589 414 637 451 vitae
651 412 764 451 commendat
781 415 880 464 integritas

145 483 162 509 et
174 483 233 510 reatus
247 472 367 511 conscientiae
383 472 441 510 nullus
458 473 546 510 haesitare
561 472 603 510 facit
621 484 706 511 orantem.
724 474 771 511 Inter
784 473 880 512 dissimiles

145 546 181 571 non
194 533 246 571 stabit
259 534 345 579 amicitia,
364 543 381 570 et
398 534 444 570 inter
459 534 528 581 Deum,
547 544 564 570 et
581 544 694 582 peccatorem
707 547 743 572 nou
760 534 827 583 poterit
841 547 880 571 esse

146 594 255 631 courrnunio.
268 593 287 630 Si
300 594 328 630 vis
342 592 420 630 exaudiri
434 606 491 637 oranS,
505 605 547 630 cura
560 594 578 630 in
591 594 661 642 primis,
680 603 699 630 ut
716 607 725 631 a
738 593 772 630 Det
783 592 881 631 'voluntate

145 665 182 690 non
195 653 290 691 discordes.
303 653 350 690 Vive
363 653 426 701 spiritu
440 652 534 701 persimilis
548 653 597 697 Deo,
612 663 629 689 et
642 652 708 690 nnllam
723 653 792 702 patieris
809 653 827 690 in
841 666 880 691 ora·

145 713 193 750 tione
207 712 301 761 repulsam.
315 711 412 748 Enimuero
426 712 543 749 conscientiae
554 713 621 761 puritas
631 710 727 749 infervere
738 712 800 749 Divini
813 713 880 750 amoris

90 805 91 808 ,
144 772 236 810 hominem
250 772 289 809 Deo
304 770 345 808 facit
359 770 449 808 intellectu
465 770 582 819 persimilem,
601 770 700 808 similitudo
717 783 776 808 causat
790 784 879 818 amorem,

45 1806 55 1823 1.
66 1798 102 1838 Ioarr.
111 1804 124 1828 a.

144 845 193 869 arnor
206 844 249 867 uero
263 830 361 868 introducit
375 829 520 875 familiaritatem,
535 830 646 867 familiaritas
660 830 793 877 confidentiam,
808 841 825 868 et
839 844 881 868 con-

144 891 215 928 fidentia
228 890 319 940 petitionis
334 890 448 939 consequitur
462 888 532 927 facilem
546 890 697 938 impetrationem.
713 891 759 928 Nam
773 892 821 927 sicut
835 891 880 927 inter

144 950 237 989 dissimilia
249 962 286 987 non
299 949 319 986 fit
332 949 381 995 unio,
395 950 419 986 ita
432 949 477 986 inter
487 950 553 995 Deum,
564 959 582 986 et
593 950 686 987 hominem
700 949 767 986 malurn
780 949 825 987 nihil
838 963 880 998 pro-

144 1010 180 1047 ficit
197 1010 260 1047 oratio.
278 1008 386 1057 Quicunque
404 1008 458 1056 igitur
475 1018 555 1045 vestrum
575 1009 677 1046 orationum
697 1020 768 1045 suarum
790 1009 876 1058 consequi

145 1070 232 1107 desiderat
245 1069 336 1114 effectum,
351 1069 369 1103 in
384 1068 444 1117 primis
458 1080 488 1117 per
501 1081 563 1105 verant
577 1068 704 1117 poenitentiam
717 1068 774 1105 cordis
784 1068 812 1105 sui
822 1068 879 1105 domi-

145 1130 205 1166 cilium
219 1128 239 1165 ab
253 1128 303 1166 omni
318 1127 391 1164 traundet
409 1127 479 1173 delicto,
493 1126 560 1164 deinde
571 1137 642 1164 sanctae
658 1128 801 1176 compunctionis
815 1137 880 1165 semet-

144 1190 202 1238 ipsum
215 1188 285 1225 studeat
299 1187 410 1224 inflammare
424 1187 513 1232 exercitio,
527 1196 589 1236 postea
603 1197 681 1224 mentem
694 1187 777 1224 continue
790 1196 850 1236 pascat
862 1187 879 1223 in

144 1248 177 1284 Dei
191 1248 257 1284 amoris
266 1245 338 1291 studio,
353 1255 439 1294 quatenus
449 1244 521 1291 bonum,
531 1246 580 1294 quod
594 1245 670 1289 inchoat,
680 1245 729 1283 nullo
739 1244 823 1294 deinceps
836 1255 879 1283 tem·

143 1320 186 1356 pore
197 1307 305 1343 intermittat.
319 1306 384 1342 Postea
393 1317 434 1341 vero
444 1317 496 1353 quarn
506 1315 596 1342 crescente
605 1317 676 1353 semper
684 1305 702 1341 in
712 1318 733 1341 eo
741 1305 803 1342 Divini
812 1306 879 1342 amoris

144 1366 239 1411 desiderio,
250 1375 320 1402 sanctae
335 1365 415 1413 puritatis
429 1365 534 1401 exercitium
548 1364 603 1413 longo
617 1365 676 1401 studio
689 1364 792 1412 perduxerit
805 1365 823 1401 in
838 1378 879 1402 con-

143 1425 262 1471 sueruliaem,
276 1433 294 1459 et
304 1414 358 1459 'mens
373 1423 390 1459 in
403 1421 450 1459 bono
462 1424 556 1471 proposito
570 1424 687 1460 necessariam
701 1425 803 1472 conceperit
823 1423 878 1461 firmi-

143 1494 204 1528 tatem,
217 1493 260 1519 tunc
272 1482 352 1531 primunr
366 1480 464 1518 similitudo
479 1481 554 1518 Divinae
573 1482 704 1518 communionis
723 1481 808 1531 paulatim
823 1480 881 1520 11111οέ

144 1544 219 1587 ducitur,
234 1552 250 1579 et
263 1540 285 1578 ad
298 1550 365 1577 statum
379 1539 457 1577 debiturn
471 1541 528 1577 oratio
544 1540 638 1578 formatur.
656 1541 701 1578 Nam
716 1551 781 1591 quanto
796 1555 847 1579 urens
860 1542 878 1580 in

144 1604 178 1640 Dei
191 1614 251 1639 amore
264 1600 341 1649 amplius
354 1600 430 1636 excitata
442 1599 544 1648 profecerit,
559 1609 609 1636 tanto
623 1600 675 1649 citius
684 1601 747 1644 oratio,
757 1601 805 1651 quod
815 1611 877 1650 postu-

143 1664 174 1709 lat,
189 1677 197 1700 a
211 1662 290 1698 Domino
304 1658 412 1708 impetrabit.
426 1658 478 1696 Solus
491 1659 558 1695 etenim
571 1658 606 1695 Dei
615 1673 665 1697 :aanor
674 1659 715 1696 facit
726 1662 825 1698 orationem
840 1674 878 1698 esse

144 1732 240 1772 potentem,
254 1722 272 1757 in
286 1733 322 1768 quo
336 1731 386 1756 inens
400 1728 465 1767 quanto
479 1718 576 1755 ferventius
586 1720 654 1763 arserit,
664 1728 713 1756 tanto
727 1718 795 1757 facilius
809 1722 879 1769 petitio·

145 1794 187 1818 num
203 1792 275 1817 suarum
291 1786 412 1825 consequetur
429 1775 518 1813 effectum.
536 1776 584 1813 Nam
601 1776 616 1812 si
631 1776 708 1813 rntrltum
726 1789 784 1824 amas,
801 1778 878 1816 inultum

145 1852 200 1889 potes.
214 1840 262 1875 Dens
276 1838 325 1873 enim
339 1837 414 1872 charitas
426 1845 457 1879 est,
467 1845 490 1881 et,
500 1836 529 1884 qui
539 1846 599 1872 manet
608 1836 626 1871 in
637 1835 725 1880 charitate,
735 1837 753 1873 in
763 1838 802 1873 Deo
812 1848 878 1882 manet,

145 1910 162 1937 et
175 1900 222 1936 Deus
237 1898 254 1934 in
268 1910 295 1933 eo.
309 1896 329 1932 ln
343 1908 378 1943 quo
389 1907 431 1931 vero
441 1905 500 1931 maner
513 1895 569 1938 Deus,
579 1893 624 1931 nihil
633 1905 659 1932 est
668 1894 698 1931 illo
708 1896 777 1943 fortius,
786 1896 821 1933 nisi
830 1898 879 1934 Deus

145 1961 182 2008 ipse
195 1957 250 1995 solus¹
267 1955 312 1992 Sunt
325 1955 372 1991 inter
384 1967 416 1991 vos
430 1953 502 2003 quidam
516 1953 588 1998 infirmi,
599 1964 616 1990 et
625 1953 690 1991 debiles
699 1956 765 1999 animo,
775 1956 805 2005 qui
814 1969 833 1993 se
842 1958 878 1994 iam

144 2019 198 2056 fortes
212 2017 229 2053 in
242 2016 271 2052 via
284 2014 359 2051 Domini
373 2014 479 2057 existimant,
493 2024 545 2063 atque
558 2013 652 2062 perfectos,
671 2027 746 2063 quorum
760 2026 786 2052 est
803 2028 848 2063 rara,
861 2025 879 2053 et

143 2077 213 2114 horaria
226 2074 306 2118 devotio,
321 2073 352 2122 qni
366 2073 404 2109 sine
417 2081 466 2109 veste
478 2072 554 2120 nuptiali
568 2084 624 2120 regno
642 2085 660 2108 se
677 2074 827 2123 appropinquasse
840 2075 878 2124 glo-

144 2138 211 2174 riantur
225 2132 324 2177 coelorum,
338 2143 379 2166 cum
391 2140 451 2167 tamen
464 2130 522 2167 adhuc
534 2130 588 2179 longe
602 2131 621 2166 111
633 2131 745 2168 inferioribus
759 2134 832 2172 iaceant.
846 2135 878 2172 His

144 2209 185 2245 ego,
199 2192 247 2243 quod
260 2191 330 2239 saepius
344 2188 388 2235 dixi,
402 2190 466 2225 iterum
481 2189 527 2233 dico,
544 2190 629 2237 quoniam
643 2203 696 2227 nertio
714 2190 785 2240 tepente
798 2192 818 2230 fit
831 2207 878 2231 surn-

143 2267 189 2298 rnus,
203 2264 220 2291 et
233 2252 267 2288 nisi
280 2249 381 2286 Monachus
395 2261 457 2285 omnes
470 2250 562 2297 passiones
576 2262 617 2285 suas
630 2250 713 2287 animales
727 2264 757 2300 per
771 2253 828 2289 carnis
841 2266 878 2290 rna-

144 2314 253 2350 cerationem
268 2308 365 2351 domuerit,
378 2308 400 2344 ad
413 2318 493 2344 montem
508 2308 584 2345 Divinae
602 2309 757 2357 contemplationis
770 2311 878 2350 altissimum

144 2387 180 2411 non
194 2371 283 2421 pertingit.
297 2368 385 2416 Quisquis
399 2367 446 2404 enim
459 2368 477 2403 111
490 2366 578 2404 coenobio
592 2366 624 2404 sub
637 2377 731 2416 potestate,
747 2379 764 2406 et
778 2370 879 2409 ohedientia
893 2378 896 2385 “

145 2434 251 2469 constitutus
261 2428 373 2467 voluntatem
386 2439 436 2463 suam
450 2437 511 2464 contra
520 2427 640 2464 Monasticam
650 2428 780 2466 institutionem
793 2432 878 2479 sequitur,

145 2493 208 2541 dignus
221 2503 257 2527 non
271 2498 304 2535 est,
316 2498 335 2524 nt
349 2488 367 2524 in
380 2488 416 2524 suis
425 2486 535 2524 orationibus
544 2499 554 2523 a
563 2488 643 2525 Domino
653 2488 760 2526 exaudiatur.
771 2490 802 2527 lsai
813 2501 878 2537 autem,

147 2553 168 2590 de
181 2550 243 2601 quibus
256 2550 354 2597 loquimur,
368 2548 386 2584 in
399 2547 455 2584 oculis
469 2548 504 2583 suis
518 2548 579 2596 nragni
592 2556 643 2591 suat,
657 2556 674 2584 et
687 2549 779 2597 sapientes,
794 2550 824 2598 qui
837 2562 878 2598 pro-

146 2613 202 2661 priam
218 2610 330 2648 voluntatem
347 2607 440 2658 diligentes
458 2607 479 2644 ad
497 2608 557 2644 omnia
575 2617 696 2646 murmurant:
713 2619 730 2645 et
747 2609 831 2658 quicquid
844 2610 879 2659 ipsi

145 2683 181 2709 non
195 2669 320 2713 ordinaverhrt,
334 2667 381 2705 male
394 2667 461 2704 factum
473 2676 542 2715 putant.
556 2667 612 2703 Actus
630 2665 704 2704 fratrum
721 2679 795 2704 suorum
809 2669 879 2706 curiosa
