1968 3023
154 126 190 151 210
329 115 471 163 ercrrrurluturlruu
483 118 504 153 sit
513 114 612 166 sagirndruu
622 123 712 165 patrarant.

153 196 170 232 irr
184 197 280 245 semetipso
299 196 422 244 confunditur,
436 209 452 235 et
465 198 482 234 in
496 196 613 245 perditionem
630 206 712 234 aeternae
731 199 795 241 mortis
809 213 886 249 progre-

152 256 204 293 ditur.
219 257 293 301 Quanto
307 259 354 294 enim
366 258 440 307 quisque
454 257 529 306 amplius
538 257 556 293 ira
565 268 658 306 peccatum
671 256 742 304 labitur,
751 267 802 296 tanto
815 259 886 309 longius

152 315 219 354 recedit
232 329 241 353 a
254 318 300 364 Deo,
312 327 329 353 et
343 318 400 366 magis
414 318 542 366 appropinquat
556 316 630 354 inferno.
645 317 691 354 Cum
704 327 764 354 autem
778 332 840 355 onmes
853 319 886 356 lao-

152 376 209 412 mines
225 376 329 413 naturaliter
342 387 424 426 appetant
442 376 519 423 bonum,
533 377 657 425 turpissimum
671 387 697 414 est
710 389 769 414 amare
782 387 885 426 peccatum;

152 436 237 485 qnoniam
257 438 316 474 onrrris
336 447 418 487 peccator
436 435 503 474 bonum
521 435 592 480 deserit,
607 445 624 472 et
641 436 663 473 ad
676 436 743 473 malum
759 450 778 473 se
792 438 885 475 conuertit.

151 496 233 540 Sextum,
247 506 328 533 mentem
342 510 351 533 a
364 506 437 546 peccato
450 495 520 533 fortiter
537 496 618 540 retrahit,
632 497 646 532 si
660 496 677 533 in
691 495 808 534 meditatione
822 498 885 535 Douri-

151 557 200 593 nicae
214 558 300 606 passionis
314 569 335 593 err
349 557 476 595 consuetudine
493 569 563 604 semper
576 566 661 604 occupata
674 558 759 605 persistit.
778 558 823 603 Quis
837 559 884 595 enim

151 616 273 664 uoluptatibus
291 618 348 654 carrris
363 630 435 665 operam
452 629 516 653 navare
530 617 605 664 poterit,
619 618 634 652 si
648 617 709 654 mundi
723 627 812 655 rectorem
825 619 884 655 lesum

151 676 244 713 Christum
262 676 368 725 pendentem
383 689 415 725 pro
428 689 447 713 se
461 678 478 714 in
492 689 543 713 cruce
560 676 676 725 cogitaverit?
689 677 739 713 Mors
753 676 820 714 Christi
833 691 884 714 naun-

150 735 193 772 dum
205 735 286 772 liberavit
298 750 307 772 a
320 746 378 773 morte
391 747 486 784 perperna:
501 736 549 785 quod
561 736 667 774 beneficium
681 738 760 786 quisquis
770 738 788 775 in
798 739 884 776 rraenroria

149 808 211 831 secum
224 796 327 844 portaverit,
342 795 393 833 facile
406 796 426 832 ab
440 798 490 834 orrrrri
503 797 569 834 scelere
583 798 668 834 vitiorum
682 796 781 835 abstinebit,
795 800 883 848 Denique,

150 855 165 890 si
174 855 213 903 quis
222 855 281 891 Deum
292 856 309 892 in
322 857 372 893 omrai
385 856 426 893 loco
440 856 472 893 sibi
486 866 603 905 praesentem,
618 857 713 906 omniaque
726 858 818 903 scientem,
828 870 845 896 et
858 860 884 895 in-

150 913 260 962 telligentem
273 925 311 952 tota
325 917 388 953 mentis
402 916 500 953 intentione
513 916 626 964 cogitaverit,
640 929 693 954 ornne
706 927 799 965 peccatum
813 919 883 967 procul-

150 973 203 1010 dubio
221 987 292 1023 semper
310 974 416 1013 abhorrebit.
436 976 467 1013 Est
479 987 539 1013 autern
556 976 607 1014 nobis
621 977 670 1013 Deus
686 976 758 1026 ubique3
773 990 808 1015 non
823 978 882 1015 solum

149 1046 239 1081 praesens,
253 1035 284 1072 sed
292 1026 338 1073 uere
352 1037 432 1081 intimus,
441 1049 460 1073 ac
474 1036 638 1084 praesentissimus:
653 1049 707 1084 quem
720 1036 787 1073 nullum
802 1038 844 1075 latet
858 1051 883 1075 se-

147 1105 226 1132 cretum:
241 1096 270 1131 cui
285 1095 329 1132 nihil
343 1106 402 1132 manet
419 1094 541 1133 absconditum
555 1094 586 1132 sed
599 1106 658 1132 totum
671 1096 686 1133 ei
700 1105 748 1144 patet
761 1097 882 1134 minifestum

149 1153 208 1191 Corda
217 1164 307 1192 scrutatur
316 1157 403 1202 ornnium;
417 1156 535 1192 secretissima
544 1156 595 1193 novit
604 1156 733 1203 cogitationum
742 1156 772 1204 qui
782 1170 843 1193 veram
853 1170 886 1201 co<

148 1216 248 1264 gnitionem
258 1216 307 1252 solus
320 1215 372 1253 habet
381 1217 510 1253 uniuersorum.
525 1216 570 1259 Quis
584 1217 632 1252 enim
641 1208 745 1252 mortalium
755 1216 773 1252 in
783 1218 882 1265 praesentia

148 1284 208 1311 tantae
216 1276 319 1321 rraaiestatis,
329 1289 382 1324 quana
392 1274 450 1312 videre
460 1275 520 1323 omnia
529 1275 588 1319 credit,
599 1287 670 1324 peccare
680 1276 718 1312 sine
728 1275 807 1312 maximo
817 1275 882 1313 rubore
931 1272 933 1275 ¹

148 1333 217 1377 audeat,
227 1334 247 1380 si,
257 1334 296 1383 quis
306 1325 334 1380 iit,
343 1343 360 1371 et
369 1344 451 1383 quantus,
461 1335 490 1383 qui
500 1334 553 1377 uidet,
567 1334 641 1382 pensat?
655 1333 731 1378 Quoties
745 1347 789 1382 ergo
799 1335 882 1371 molestat

147 1393 208 1441 iniqua
217 1393 302 1442 cogitatio
311 1403 395 1439 nrenterm
409 1394 479 1442 quoties
490 1393 585 1430 inordinati
595 1402 655 1429 motus
665 1395 723 1430 carnis
736 1394 836 1442 inquietant
845 1396 882 1431 ani-

146 1465 201 1497 mam,
211 1452 311 1489 Dotrrinum
319 1453 385 1499 Deum,
394 1453 424 1502 qni
433 1453 521 1490 malorum
531 1462 557 1489 est
565 1452 634 1496 vindex,
645 1462 757 1500 praesentem
768 1455 834 1502 cogita3
844 1467 880 1502 pas-

146 1512 202 1548 sionis
211 1512 250 1549 lesrr
261 1512 327 1548 Christi
340 1504 477 1549 amaritudinem
486 1511 507 1549 ad
516 1512 622 1549 memoriam
632 1523 704 1557 revoca;
719 1511 804 1548 auxilium
814 1513 880 1561 gratiae

147 1570 227 1607 caelestis
235 1571 309 1608 deuotus
318 1572 398 1621 implora.
408 1572 475 1608 Durior
482 1580 508 1608 est
517 1570 581 1618 lapide,
589 1583 642 1619 quem
647 1564 685 1607 ista
692 1570 794 1619 diligentius
805 1572 880 1620 cogitata

145 1631 258 1679 nequiverint
271 1644 280 1667 a
294 1631 377 1679 peccandi
393 1632 486 1679 proposito
503 1643 593 1667 revocare.
611 1630 722 1678 Septinrurm'
735 1629 782 1678 quod
801 1641 880 1668 mentem

145 1689 221 1727 studiosi
234 1690 317 1728 monachi
326 1704 335 1727 a
344 1690 428 1739 peccandi
441 1689 528 1727 desiderio
542 1699 619 1732 revocat,
629 1698 662 1733 est,
672 1699 692 1725 ut
705 1688 781 1725 lectione
796 1690 880 1727 continua

145 1749 237 1796 passiones
252 1759 355 1789 sanctorum
368 1751 469 1797 martyrum
481 1758 577 1797 percurrat.
595 1747 691 1784 Enimvero
710 1747 790 1796 quisquis
804 1748 879 1784 invinci-

145 1806 198 1844 bilem
213 1808 330 1845 constantiam
344 1817 446 1845 sanctorum
460 1817 559 1856 martyrum
573 1806 640 1843 Christi
653 1807 723 1854 saepius
737 1805 759 1842 ad
773 1807 879 1844 memoriam

124 1895 125 1898 η
144 1876 225 1913 revocat,
239 1867 278 1903 fieri
293 1880 329 1905 non
342 1877 407 1915 potest,
421 1869 463 1916 quin
476 1866 497 1903 ad
510 1865 628 1903 resistendum
641 1866 718 1913 peccatis
733 1864 806 1912 fortior,
820 1875 837 1902 et
851 1878 879 1902 ro-

50 2164 64 2189 In
71 2164 123 2199 eosqui

35 2198 96 2224 divorum
104 2200 122 2225 lai·

35 2233 88 2265 storias,
101 2240 122 2260 rut

37 2268 119 2301 cavillantur,

35 2310 56 2328 aut
72 2303 121 2330 irreve-

34 2343 77 2363 renter
97 2338 120 2365 lra-

34 2373 70 2398 bena.

144 1926 213 1963 bustior·
222 1926 257 1964 fiat,
270 1927 366 1974 Propterea
379 1940 455 1975 namque
464 1927 518 1963 fortia
531 1935 633 1962 sanctorum
646 1936 696 1974 gesta
709 1925 765 1961 literis
775 1924 879 1962 demandata

144 1996 191 2031 sunt,
205 1996 230 2032 ut,
244 1987 314 2035 quoties
327 2000 360 2023 nos
373 1986 438 2023 inlirmi
451 1986 492 2023 talia
506 1985 589 2033 legimus,
603 1984 625 2020 ad
637 1984 758 2021 imitationem
772 1984 880 2031 praeceden-

143 2046 188 2081 tirnn
198 2058 333 2093 consurgamus,
345 2046 386 2083 Non
395 2046 492 2093 respiciatis
502 2046 559 2082 ineos
569 2043 637 2089 fratres,
647 2046 677 2093 qui
687 2054 789 2081 sanctorum
799 2044 878 2081 historiis

143 2103 196 2140 fidem
210 2103 286 2152 srrperba
299 2105 398 2141 temeritate
412 2097 508 2153 denegant:
524 2113 541 2140 et
554 2117 582 2147 ea,
597 2116 642 2152 quae
656 2103 677 2139 de
691 2102 798 2138 beatissimis
813 2103 878 2139 Christi

143 2164 204 2200 amicis
217 2163 297 2212 gloriosa
310 2173 408 2209 narrantur,
422 2162 488 2200 fabulas
502 2172 570 2211 putant.
583 2163 630 2200 Nam
643 2161 724 2207 virtutes,
736 2170 753 2197 et
767 2160 820 2208 bona,
834 2174 878 2210 quae

142 2222 160 2258 in
169 2222 270 2271 semetipsis
284 2234 321 2258 non
334 2222 430 2268 inveniunt,
442 2231 512 2259 sanctos
525 2220 607 2258 habuisse
620 2221 654 2256 Dei
668 2219 739 2259 credere
753 2229 876 2257 contemnunt.

142 2281 186 2318 Sunt
205 2281 253 2317 enim
273 2280 341 2329 plures,
355 2291 372 2316 et
389 2281 435 2317 inter
452 2294 482 2318 eos
498 2280 644 2329 potissime,⁴qui
662 2278 683 2316 de
699 2292 729 2316 sua
746 2278 846 2317 eruditione
859 2293 877 2316 se

141 2352 215 2388 magnos
230 2340 339 2383 existimant,
349 2338 432 2376 historias
443 2350 544 2376 sanctorum
554 2350 625 2387 patrum
634 2349 702 2375 temere
711 2339 765 2374 nimis
775 2337 876 2376 refutantes:

142 2408 158 2435 et
168 2411 208 2435 cum
217 2399 251 2446 ipsi
265 2398 340 2435 arduum
349 2398 420 2434 uirtutis
434 2397 466 2435 iter
479 2397 551 2447 aggredi
564 2408 658 2447 nequeant,
672 2397 771 2443 neminem,
785 2408 815 2435 aut
828 2411 877 2435 raros

141 2458 221 2505 potuisse
235 2467 309 2494 ventosa
322 2456 429 2506 loquacitate
442 2457 549 2505 confingant.
563 2455 654 2505 Quicquid
668 2469 728 2493 coram
737 2456 762 2492 eis
772 2455 793 2493 de
803 2469 877 2494 conver-

141 2516 240 2553 sationibus
254 2506 358 2553 sanciorum
371 2516 398 2553 vel
412 2516 467 2563 ardui,
480 2517 508 2553 vel
521 2517 581 2565 magni
594 2516 664 2564 legitur,
680 2515 784 2561 confictum,
799 2525 816 2552 et
830 2515 877 2552 fabu-

141 2575 201 2611 losum
215 2576 317 2612 clamitant:
331 2586 348 2612 et
362 2574 421 2623 quales
435 2574 468 2623 ipsi
481 2575 544 2611 vivunt
557 2576 575 2611 in
589 2573 664 2611 tenebris
678 2575 764 2611 vitiorum
777 2575 839 2622 positi,
853 2585 876 2611 ta-

140 2634 181 2671 liter·
190 2647 226 2679 eos,
236 2647 313 2684 quorum
327 2634 408 2672 derident
421 2633 509 2681 historias,
519 2633 626 2671 arbitrantur
639 2635 761 2683 praecessisse.
775 2634 875 2672 Monachus
