1968 3023
411 134 488 174 Homih‘a
502 134 526 173 ll.
816 145 836 182 15

102 233 124 257 oe
133 219 216 257 vilissimi
225 217 330 265 nebulones,
339 218 370 267 qui
379 216 424 254 nihil
437 214 529 265 spirituale
542 214 610 263 sapitis,
620 214 668 262 quod
679 213 761 251 Christus
772 214 837 250 iterum

102 280 123 316 de
138 280 195 317 Coelo
208 288 294 316 uenturus
308 278 336 321 sit,
350 287 370 313 ut
383 290 402 314 ea
416 274 467 313 vobis
480 275 569 324 loquatur,
579 286 623 323 quae
635 272 786 322 praedicatoribus
800 273 838 309 suis

102 338 177 376 dicenda
190 337 293 375 commisit?
307 337 335 373 An
345 335 421 372 Paulum
434 347 470 370 non
479 333 573 370 audivistis
582 333 677 375 dicentem,
687 331 770 368 Christus
779 344 837 368 resur·

100 410 145 445 gens
155 410 176 433 ex
186 397 269 443 mortuis,
277 397 312 432 iam
322 407 358 432 nou
365 394 449 440 moritur,
458 405 507 430 mors
515 392 540 429 illi
547 391 593 429 ultra
601 404 637 429 non
646 390 773 428 dominabitur.
781 391 837 435 Quod

100 456 147 492 enirn
162 464 244 493 mortuus
258 465 285 492 est
298 463 377 504 peccate,
391 462 473 491 mortuus
487 462 514 489 est
527 450 588 496 semel,
602 451 650 499 quod
664 459 724 487 autem
734 451 784 497 vivit,
793 451 837 487 uixit

99 515 150 552 Deo?
164 514 222 552 Semel
236 514 318 552 Christus
331 513 349 550 in
362 521 407 550 terra
421 514 470 549 uisus
484 519 520 547 est:
536 510 591 547 semel
602 511 649 546 inter
662 508 748 546 mortales
762 507 837 546 risibilis

92 565 189 622 apparuit:
203 572 259 609 semel
272 573 319 609 uiant
333 572 395 609 salutis
404 582 484 608 aeternae
493 570 607 619 praedicauit,
616 569 696 606 secundo
710 581 746 606 non
760 568 836 606 adiiciet.

101 632 200 669 Constituit
209 632 297 677 Fautores,
307 641 324 667 et
332 630 414 667 Vicarios
423 643 477 679 super
486 629 571 666 furniliam
585 642 641 672 suain,
651 629 681 677 qui
696 627 772 665 doceam
785 628 836 676 iguo·

101 699 167 735 rantes,
182 702 259 738 quorum
270 689 331 726 uolens
340 688 453 726 rnarrisestare
463 689 586 726 auctoritatem
599 690 615 725 in
625 687 722 736 Evangelio
737 687 787 732 dixit,
798 687 836 729 Qui

100 761 133 786 vos
146 748 201 794 audit,
215 761 243 784 me
257 748 312 794 audit,
326 758 342 784 et
356 749 385 795 qui
399 760 431 783 uos
444 748 518 797 spernit,
528 761 556 784 me
569 748 642 795 spernit.
651 747 687 783 Eos
700 747 755 795 igitur
769 745 834 792 audite,

100 820 146 857 quos
160 807 242 844 Christus
255 806 306 844 uobis
320 806 404 854 praefecit
418 816 501 853 rectores,
510 805 573 855 quibus
586 807 640 843 tritici
654 805 751 854 spiritualis
765 805 835 854 dispeu-

100 868 190 904 sationem
200 867 297 909 commisit,
306 866 352 902 sicut
366 867 383 902 in
393 875 453 901 sancto
463 865 559 914 Exarrgelio
568 864 617 908 dixit,
627 865 672 908 Quis
682 874 733 913 putas
743 875 770 901 est
778 863 836 901 fidelis

101 925 219 974 dispensator,
228 934 245 960 et
257 923 340 972 prudeus,
350 936 401 971 quem
416 924 509 960 constituit
518 923 607 960 Dominus
621 935 673 971 super
681 922 769 959 furnilium
778 936 835 969 suam,

101 994 119 1021 ut
134 984 163 1020 det
172 983 207 1020 illis
221 983 239 1019 iu
253 992 335 1030 tempore
344 982 397 1018 tritici
407 983 519 1018 mensuram?
533 982 597 1018 Beatus
606 982 635 1019 ille
645 994 714 1027 servus,
725 995 784 1031 quem,
794 995 835 1018 curn

100 1043 169 1080 uerterit
183 1042 279 1087 Dominus,
293 1041 381 1077 inuenerit
394 1041 418 1076 ita
432 1040 532 1077 lacientem.
546 1041 666 1077 Exhortamur
679 1053 712 1078 vos
728 1042 788 1090 iraque
802 1041 836 1077 lra-

101 1111 137 1138 tres
155 1102 173 1137 in
187 1101 268 1138 Domino
281 1100 328 1145 lesu,
343 1109 406 1148 etqua
423 1112 519 1148 possumus
537 1098 636 1143 sedulitate,
651 1112 742 1149 rogamus
759 1113 781 1136 ne
799 1100 836 1137 dies

100 1170 170 1198 vestros
188 1161 207 1196 in
224 1160 301 1196 uanitate
319 1159 434 1205 consumatis,
451 1158 482 1195 sed
500 1158 610 1195 considerate
627 1159 680 1194 huius
697 1159 744 1195 uitae
762 1159 836 1195 nimiam

101 1211 241 1266 breuitatem'et
254 1217 306 1255 facire
320 1217 417 1266 condignos
432 1218 551 1266 poeniteutiae
564 1217 639 1262 fructus,
649 1217 691 1254 dum
706 1217 757 1255 vohis
771 1231 836 1267 oppor-

101 1289 143 1316 tune
158 1278 268 1324 conceditur,
281 1289 309 1324 ne,
323 1278 338 1313 si
350 1277 443 1325 poenitere
456 1277 574 1326 neglexeritis,
584 1288 655 1324 teraxpns
666 1287 774 1325 amputetur.
784 1278 837 1314 Scitis

100 1339 156 1385 enim,
167 1337 209 1387 quid
218 1337 306 1386 scriptura
314 1335 365 1383 nohis
375 1336 421 1373 dicat
430 1336 497 1374 diviua:
506 1337 550 1372 Dies
559 1336 641 1382 Domini,
652 1338 697 1373 sicut
707 1336 735 1373 fur
748 1337 766 1373 in
775 1347 836 1383 nocte,

100 1399 126 1435 sic
139 1398 205 1435 veniet.
219 1398 293 1443 Cavete,
307 1408 385 1445 praecor,
399 1395 470 1433 differre
486 1394 560 1443 bonum,
573 1396 614 1444 quia
632 1409 685 1433 nemo
703 1397 736 1433 scit
749 1406 836 1443 vestrum,

100 1457 171 1507 quaudo
187 1457 210 1493 sit
224 1456 332 1504 moriturus:
346 1456 388 1505 quin
401 1456 460 1504 potius
474 1467 537 1492 verum
550 1454 594 1492 illud
607 1465 670 1503 poetae
684 1455 746 1492 lascivi
757 1456 836 1494 Nasonis

100 1516 194 1561 attendite,
209 1517 233 1552 ita
246 1515 344 1552 monentis.
358 1514 393 1551 Sed
410 1527 492 1563 propera,
505 1527 538 1552 nec
550 1526 568 1551 te
581 1524 665 1552 uenturas
679 1515 730 1552 differ
743 1515 761 1552 in
774 1515 835 1561 horas,

101 1576 138 1620 Qui
151 1588 188 1612 nou
201 1583 227 1610 est
240 1573 300 1619 hodie,
311 1586 349 1610 cras
362 1574 421 1610 rniaus
434 1584 485 1621 aptus
495 1574 533 1610 erit.
543 1574 601 1611 Nemo
611 1574 666 1611 vitam
676 1574 710 1611 sihi
719 1574 781 1611 fratres
794 1588 837 1623 pro-

100 1635 160 1671 mittat
173 1633 286 1682 longaevam,
297 1632 327 1669 sed
341 1633 462 1682 uuusquisque
476 1643 553 1670 mortem
563 1634 630 1681 cogitet
640 1633 703 1683 potins
716 1634 783 1671 instare
795 1635 837 1671 xiti-

100 1706 153 1731 nam:
168 1693 245 1741 ideoque
257 1693 283 1728 sie
295 1692 343 1729 vivat
356 1703 434 1740 paratus,
443 1701 535 1742 tamquam
547 1691 623 1729 crastino
636 1692 665 1729 die
679 1693 701 1730 de
715 1705 790 1742 corpore
803 1694 836 1732 mi-

42 1757 47 1761 ’
102 1763 192 1802 graturus.
202 1751 246 1800 Spes
260 1751 363 1787 enimvitue
377 1750 463 1800 longioris
476 1752 543 1789 multos
557 1751 633 1801 decepit,
643 1761 660 1789 et
673 1765 682 1789 a
696 1752 766 1790 fervore
780 1754 837 1791 sancti

100 1813 188 1862 propositi
201 1811 291 1849 retardans
305 1810 363 1848 suhito
377 1810 398 1848 ad
411 1810 478 1848 inferos
488 1811 578 1849 demersit.
589 1812 673 1849 Militiam
687 1812 742 1860 igitur
751 1822 836 1859 vestram,

101 1885 147 1922 quae
160 1884 197 1909 non
209 1881 250 1920 post
264 1870 342 1908 multum
351 1871 452 1908 necessario
461 1870 537 1914 linietur¹
548 1872 572 1909 ita
581 1871 669 1921 perficite,
679 1882 699 1909 ut
712 1885 749 1910 non
758 1874 836 1911 timeatis

102 1944 163 1969 corum
173 1943 214 1980 rege
223 1940 290 1977 vestro,
299 1942 340 1967 cum
349 1931 423 1976 venerit,
433 1942 524 1979 apparere.
534 1931 626 1968 Mentores
639 1944 710 1980 semper
722 1941 786 1979 estote,
795 1935 836 1983 quia

101 2005 139 2029 non
156 1991 225 2028 habetis
243 1991 271 2028 hic
284 2000 390 2028 uranentera
404 1991 501 2037 civitatem,
513 2003 571 2040 neque
585 1992 603 2029 in
617 1993 649 2028 hac
661 1992 699 2029 uita
715 1993 788 2031 mortali
805 1994 835 2031 diu

101 2052 177 2102 potestis
195 2051 297 2096 consistere,
314 2050 345 2087 sed
362 2062 410 2087 mors
428 2049 464 2087 cito
481 2051 547 2096 veniet,
565 2063 610 2100 qnae
628 2064 660 2089 tos
678 2052 774 2101 compellet
791 2055 835 2090 emi-

101 2125 158 2162 grare.
169 2111 284 2160 Quicumque
297 2111 344 2147 enim
353 2122 406 2147 uerus
420 2119 445 2146 est
459 2110 563 2154 monachus,
574 2121 591 2147 et
604 2111 655 2148 miles
665 2111 733 2148 Christi
747 2112 835 2150 desiderat

59 2214 62 2220 ἱ
101 2185 140 2209 esse
153 2169 218 2216 fidelis,
233 2171 293 2207 omnia
310 2169 363 2206 huius
380 2169 443 2206 mundi
456 2169 586 2207 oblectamenta
603 2172 709 2217 contemnit,
722 2183 834 2220 praesentem

101 2230 134 2268 sihi
143 2230 243 2267 Dominum
256 2242 309 2266 suum
318 2241 388 2278 semper
398 2230 469 2277 cogitat,
478 2238 496 2265 et
509 2228 581 2266 abiectis
595 2242 604 2265 a
617 2243 636 2267 se
649 2230 790 2279 impedimentis,
799 2245 836 2268 sar-

74 2294 78 2302 '
102 2289 200 2338 cinulisque
212 2288 301 2333 omnihus,
311 2287 461 2338 quemadmodum
475 2288 501 2325 illi
513 2288 571 2325 valeat
584 2289 702 2338 complacere,
712 2293 835 2338 superomnia

102 2361 156 2389 curat.
170 2352 190 2388 ln
204 2350 330 2400 conquirendis
343 2351 390 2386 vitae
402 2350 513 2395 necessariis,
523 2362 559 2386 non
572 2348 624 2387 delict
637 2364 676 2388 esse
689 2351 783 2399 sollicitus,
793 2365 834 2390 cum

101 2413 145 2449 haec
155 2411 215 2448 omnia
224 2410 308 2447 subiectis
318 2409 400 2457 disponat
409 2408 519 2458 prouidentia
530 2410 612 2457 pastoris.
625 2410 690 2448 Omnis
700 2424 741 2448 cura
750 2413 835 2450 monachi

102 2470 222 2509 sirmundum
236 2483 255 2507 se
269 2469 357 2507 custodire
371 2468 391 2506 ab
405 2469 514 2516 hocseeulo,
524 2468 601 2515 utlibet,
611 2469 729 2508 etabsolutus
743 2470 763 2509 ah
778 2474 835 2510 omni-

100 2532 133 2568 bus
145 2530 190 2568 nihil
204 2541 284 2580 quaerat,
298 2531 332 2567 nisi
345 2530 409 2573 Deum,
423 2530 468 2568 nihil
481 2531 553 2579 cogitet,
566 2531 600 2568 nisi
613 2531 672 2568 Iesum
687 2545 720 2581 pro
733 2534 785 2571 nohis
798 2547 836 2571 cru-

102 2591 181 2630 cifixum,
195 2592 213 2629 O
227 2591 282 2629 foelix
296 2590 363 2628 Christi
375 2590 434 2637 miles,
447 2591 475 2628 cui
487 2604 542 2640 regna
559 2593 689 2640 promittuntur
706 2594 806 2640 coelorum,
821 2595 836 2632 si

101 2651 166 2698 fidelis,
181 2651 264 2702 prudeus,
277 2665 296 2689 ac
309 2650 384 2701 vigilans
397 2653 414 2689 in
428 2652 462 2688 Dei
475 2666 536 2690 aurore
545 2667 601 2703 usque
614 2654 635 2691 ad
649 2653 703 2692 finem
712 2656 836 2704 permanserit.

858 343 898 369 Rom.
908 345 920 369 ὀ.
