1968 3023
84 477 120 502 lonii.
131 485 150 509 14.

83 1310 123 1336 Rom.
133 1318 153 1343 13.

68 2568 110 2592 aanor
119 2566 151 2592 nihil

62 2601 97 2627 aliud
111 2610 150 2635 quatu

61 2636 102 2662 dulcis
109 2636 150 2662 ebrie-

61 2677 81 2696 tas
91 2671 138 2697 auium,

178 163 211 206 164
394 161 419 197 Da
433 156 512 198 clariritate
525 161 596 199 beluinis
608 161 625 197 iu
638 160 697 197 Dttnu,

175 249 192 275 et
207 241 223 276 iu
238 251 329 277 aeternum
345 240 418 277 feliciter
437 254 478 277 cum
492 255 514 277 eo
529 240 643 288 triumphare.
659 241 716 277 Nemo
730 248 809 275 vestrum
827 239 910 277 inanibus

175 298 233 335 verbis
247 300 318 337 seducat
328 301 406 347 animun
416 313 473 346 stiam,
484 310 502 336 ut
512 299 570 336 credat
580 312 598 335 se
607 300 666 336 Deum
676 298 761 335 ueraciter
770 298 849 348 diligere,
861 301 910 337 cuius

175 357 257 394 arandara
266 359 293 395 uel
303 360 378 409 negligit
386 359 481 396 custodire.
490 358 571 395 Audistis
580 359 679 395 Dominum
687 359 745 395 lesum
755 358 772 393 in
782 370 843 396 sancto
854 359 911 397 Evan-

174 416 222 465 gelio
236 417 330 456 dicentem.
340 419 376 464 Qui
391 418 449 466 diligit
464 432 497 463 me,
511 430 604 454 sermones
615 431 664 454 meos
674 416 755 454 servabit.
769 418 790 453 Et
803 418 848 454 sicut
858 419 910 455 diuus

175 477 221 525 Papa
234 478 331 526 Gregorius
345 478 392 520 dicit,
407 476 493 513 exhibitio
507 477 595 526 praecepti
612 478 678 526 operis,
694 476 775 525 probatio
792 486 817 513 est
834 477 910 515 indictae

175 535 280 573 dilectionis.
295 536 347 573 Tunc
365 537 412 572 enim
425 536 526 572 Dominum
540 536 599 572 Deum
617 545 699 572 nostrum
716 548 737 572 ex
755 545 794 573 toto
813 537 867 574 corde
880 550 910 574 ve-

176 595 239 631 raciter
252 595 350 643 diligimus,
365 594 436 644 quando
455 595 563 644 contemptis
581 594 675 632 mundanis
691 595 810 643 voluptatibus
828 597 911 633 mandata

176 655 213 691 eius
224 656 284 690 omma
293 668 349 704 usque
362 654 383 691 ad
396 664 474 691 mortem
484 654 562 702 perfecte
572 654 688 691 custodimus.
697 655 741 691 ltem
751 665 793 691 tunc
803 668 844 691 eum
858 668 911 705 super

175 714 235 751 omnia
252 713 348 762 diligimus,
362 712 433 762 quaudo
451 712 499 749 illius
513 726 579 756 amore,
593 726 629 750 non
647 726 703 758 carne,
717 713 747 750 sed
764 715 862 751 secuudum
876 716 910 764 spi·

175 774 229 809 ritum
243 773 345 810 innocenter
359 772 476 809 trnbulamus.
491 773 582 809 Veraciter
592 773 650 809 Deum
664 766 726 822 diligit,
737 774 766 822 qui
780 787 849 822 semper
859 774 909 812 bonis

175 831 258 880 operibus
273 833 356 877 intentus,
367 844 438 880 purum,
449 841 467 868 et
481 831 616 868 immaculatum
631 845 649 868 se
663 831 682 868 ab
696 833 730 870 hoc
743 833 813 871 saeculo
827 834 909 871 custodit.

175 890 206 928 llle
220 902 277 927 autem
292 892 391 929 Dominum
404 892 463 927 Deum
477 902 525 928 recte
539 891 603 940 diligit,
617 893 646 940 qui
660 892 703 928 nihil
717 894 734 929 in
748 892 782 929 hoc
798 891 866 930 mundo
880 908 910 943 pe·

174 950 222 986 nitus
236 952 350 999 concupiscit.
365 951 423 987 Deum
438 962 459 986 ex
472 959 511 987 toto
527 950 626 987 corde‘suo
636 951 721 988 ueraciter
734 950 798 1000 diligit,
809 953 838 1001 qui
848 953 909 989 mundi

175 1011 260 1056 honoreS,
275 1011 349 1057 divitias,
362 1011 471 1058 voluptates,
486 1020 503 1047 et
518 1010 578 1047 onmia
597 1012 653 1046 carnis
670 1011 733 1048 solatia
746 1024 777 1058 pro
794 1013 831 1048 eius
849 1025 910 1050 aurore

175 1070 246 1108 fortiter
259 1073 363 1109 contemnit.
377 1071 408 1107 llle
420 1071 480 1107 Deum
495 1072 512 1108 in
527 1079 564 1108 tota
577 1072 636 1107 ariirna
649 1085 680 1107 sua
697 1070 761 1120 diligit,
776 1066 838 1120 quiin
851 1071 910 1109 obser-

176 1131 248 1168 uatione
261 1131 384 1168 mandatorum
401 1131 439 1166 eius
454 1131 503 1167 ouini
521 1142 603 1178 tempore
621 1131 707 1174 solicitus,
722 1131 765 1167 nihil
783 1144 910 1181 eorumquae

175 1188 200 1225 illi
214 1200 254 1225 sunt
268 1189 338 1238 placita,
352 1189 410 1227 facere
428 1190 501 1226 omittit.
517 1191 575 1227 Amor
593 1191 658 1226 etenim
672 1190 705 1226 Dei
723 1189 766 1227 nihil
783 1190 865 1239 negligit,
879 1190 910 1228 sed

174 1249 240 1294 omnia,
250 1262 295 1297 quae
304 1249 412 1286 mandauerit
422 1248 458 1294 ille,
468 1248 605 1297 diligentissime
614 1261 690 1294 servare,
702 1260 718 1285 et
727 1248 800 1296 implere
811 1250 909 1286 consuevit.

175 1308 211 1350 Qui
225 1308 284 1344 Deum
297 1309 315 1344 in
328 1321 369 1345 uera
388 1307 472 1344 charitate
488 1307 553 1357 diligit,
567 1307 629 1355 legem,
644 1308 746 1356 prophetae,
761 1318 778 1344 et
796 1308 909 1357 evangelium

174 1367 261 1415 impleuit,
279 1366 305 1402 Ex
318 1366 401 1415 operibus
416 1367 472 1414 igitur
485 1367 549 1403 vestris
568 1365 630 1403 dabitis
648 1367 780 1413 testimonium,
794 1368 809 1403 si
822 1368 909 1404 veraciter

175 1425 249 1474 diligitis
263 1427 327 1463 Deum.
342 1426 407 1464 Omnis
421 1427 476 1471 enim,
492 1427 522 1475 qui
536 1426 592 1462 diuini
605 1427 671 1463 arnoris
685 1427 752 1463 radium
769 1427 859 1475 suscipere
872 1439 910 1463 me·

174 1485 217 1529 ruit,
232 1494 250 1520 et
263 1498 333 1533 magna,
348 1494 365 1522 et
378 1484 473 1521 manifesta
486 1497 556 1533 semper
570 1483 669 1521 dilectionis
686 1484 749 1521 iudicia
762 1484 845 1522 ostendit.
860 1486 909 1533 ignis

174 1544 239 1592 qnippe
253 1543 308 1580 divini
321 1544 386 1580 amoris
400 1543 528 1591 possidentem,
543 1543 560 1579 in
574 1542 657 1580 otnnibus
672 1544 726 1591 pium,
740 1554 813 1590 castum,
828 1558 910 1581 mansue-

173 1614 248 1651 tumque
261 1602 309 1648 facit,
319 1614 369 1652 atque
379 1601 509 1647 humillimum,
521 1613 536 1638 et
547 1612 582 1638 tam
596 1602 613 1639 in
627 1602 711 1649 aduersis,
722 1615 774 1651 quam
787 1603 805 1639 in
818 1605 908 1651 prosperis

173 1663 211 1698 sine
224 1659 356 1709 perturbatione
365 1674 436 1708 semper
449 1662 467 1697 in
481 1661 542 1698 eadem
552 1662 617 1697 mentis
631 1662 728 1698 constantia
737 1662 858 1710 tranquillum.
869 1663 908 1699 Mo-

173 1720 245 1764 nachus,
259 1722 289 1769 qui
302 1721 402 1757 Dominum
412 1720 472 1756 Deum
485 1722 572 1757 veraciter
585 1719 650 1768 diligit,
665 1721 760 1761 secundum
774 1721 855 1769 regulam
869 1735 908 1759 san-

174 1781 248 1817 ctissimi
262 1781 315 1829 patris
328 1780 384 1817 nostri
397 1779 495 1826 Benedicti,
505 1779 592 1816 inundatis
606 1780 696 1816 seniorum
710 1793 779 1829 semper
793 1781 811 1817 in
825 1781 908 1818 omuibus

173 1839 252 1877 hilariter
265 1839 330 1886 obedit,
344 1842 363 1877 in
376 1839 430 1885 duris,
440 1850 457 1876 et
467 1831 560 1877 contrariis
570 1839 684 1888 arnplectitur
693 1841 802 1890 patientiam,
816 1851 833 1877 et
847 1854 908 1878 veram

173 1899 237 1948 ubique
251 1909 344 1936 conseruat
357 1899 483 1936 humilitatem.
493 1901 551 1936 Amor
560 1899 594 1934 Dei
604 1900 669 1936 cunctis
683 1898 765 1948 operibus
775 1899 826 1937 bonis
839 1913 908 1948 posses-

172 1972 231 1997 sorem
241 1972 293 1995 suutn
306 1959 347 1996 facit
356 1971 394 1996 esse
408 1958 524 2004 ditissimum,
536 1959 630 2007 ipsumque
644 1971 653 1994 a
666 1959 714 1995 vitiis
728 1957 835 2007 quibuslibet
845 1958 907 2007 procul

172 2017 229 2054 reddit
243 2017 325 2055 alienum.
338 2021 413 2055 Amator
426 2017 459 2053 Dei
474 2016 494 2053 ad
508 2017 605 2066 imperium
619 2016 729 2054 obedientiae
746 2030 782 2054 non
798 2031 906 2064 murmurat,

173 2079 190 2114 iu
203 2077 353 2125 increpationibus
366 2090 384 2113 se
398 2087 465 2114 temere
475 2090 512 2114 non
525 2087 603 2120 excusat,
613 2088 674 2114 contra
688 2078 789 2126 proximum
801 2090 853 2114 suum
867 2078 908 2115 felle

173 2135 295 2172 annritudinis
308 2148 344 2172 non
358 2136 442 2182 tangitur,
452 2147 484 2171 nec
498 2135 556 2171 laesus
570 2135 623 2170 etiam
637 2134 752 2183 perturbatur.
762 2135 798 2179 Qui
808 2135 842 2172 Dei
855 2148 908 2172 uerus

172 2205 240 2231 amator
253 2204 285 2240 est,
295 2195 349 2231 vitam
363 2207 412 2231 suam
428 2195 445 2230 in
459 2195 508 2230 orrrni
518 2194 596 2242 puritate
610 2194 707 2237 urentisset
721 2195 800 2241 corporis
813 2203 908 2231 conservat

172 2253 352 2301 irreprehensibilem,
366 2263 383 2289 et
401 2265 438 2289 non
455 2252 515 2289 solum
533 2251 593 2298 verbo,
607 2252 637 2288 sed
655 2253 707 2289 etiam
726 2265 784 2299 opere,
799 2264 815 2289 et
832 2254 907 2291 veritate

171 2314 270 2350 ferventem
283 2314 301 2350 in
315 2327 333 2351 se
347 2314 458 2350 demonstrat
472 2312 682 2360 charitatem.Quicquid
696 2304 716 2348 in
727 2311 793 2348 nmndo
805 2312 906 2359 pulchrum,

171 2372 256 2422 quicquid
269 2374 370 2415 iucundum,
381 2373 409 2409 uel
424 2372 528 2410 delectabile
539 2372 622 2418 cernitur,
633 2372 716 2421 quicquid
728 2371 835 2408 lascivientis
849 2373 906 2409 caruis

171 2432 279 2481 petulantiae
292 2428 386 2478 blanditur,
400 2433 435 2468 Dei
448 2445 501 2469 verus
515 2441 584 2468 amator
598 2440 657 2468 totum
671 2430 812 2468 constantissime
826 2431 906 2480 despicit,

171 2503 188 2529 et
201 2491 245 2528 nihil
255 2491 306 2535 aliud,
317 2505 369 2541 qruun
379 2491 452 2529 Christo
461 2490 537 2539 placere,
552 2500 569 2527 et
583 2504 622 2527 cum
633 2490 663 2527 illo
673 2491 732 2527 vivere
746 2491 851 2538 quantocius
865 2503 906 2527 con·

172 2552 251 2599 cupiscit.
266 2551 330 2600 Magna
344 2562 361 2588 et
375 2549 483 2588 incredibilis
497 2548 617 2587 nescientibus
632 2559 658 2585 est
671 2549 698 2585 vis
711 2548 766 2585 divini
779 2550 851 2594 arnoris,
862 2562 906 2598 quae

171 2610 347 2657 hominemsetnper
364 2608 440 2657 impellit
454 2609 476 2646 ad
489 2608 533 2645 bene
551 2607 668 2656 operandum,
683 2618 699 2644 et
712 2620 809 2655 numquam
823 2609 865 2644 sinit
882 2610 906 2644 ui-

172 2680 213 2705 uere
227 2669 312 2705 ociosum.
327 2667 375 2713 Quid
393 2669 440 2705 enim
459 2677 485 2704 est
499 2668 547 2704 aliud
564 2667 644 2703 internus
662 2679 712 2703 amor
725 2666 765 2712 Dei,
779 2679 832 2715 quam
849 2667 905 2704 dulcis
