1968 3023
397 143 474 181 Horailia
487 144 512 181 ll.
802 151 821 188 13

83 227 185 278 Evangelio,
199 225 257 264 iacite.
271 223 350 271 Audite,
360 222 403 274 quid
416 222 481 268 iubeat,
496 232 520 269 et,
531 220 683 272 quemadmodum
697 220 774 258 militare
787 231 821 257 vos

83 297 165 338 oporteat
178 288 196 324 in
209 285 322 324 observantia
331 280 434 333 disciplinae
448 281 540 332 regularis,
555 280 671 319 considerate.
681 280 718 325 Qui
730 278 774 316 milri
788 278 821 315 mi-

84 349 152 394 nistrat,
166 348 228 396 inquit,
242 359 271 383 me
284 354 374 395 sequatur.
388 343 437 381 Audi
449 343 545 389 Monaclte,
560 341 671 379 claustralem
686 350 758 390 portans
774 338 820 376 mili·
842 347 879 374 toaa
889 355 908 375 η.

83 408 127 445 tiam
140 406 216 444 attende.
230 406 279 443 Dicit
292 404 314 442 ad
326 415 344 442 te
359 404 447 449 Christus,
461 403 489 440 cui
503 402 576 448 militas,
591 410 609 438 te
621 400 717 450 alloquitur
731 398 820 437 Coelestis

83 466 188 514 Imperator,
197 465 226 502 cui
239 464 260 502 ad
273 463 328 501 altare
342 463 439 500 ministras.
453 462 471 499 Si
480 474 532 498 meus
545 461 572 497 vis
586 473 624 497 esse
637 460 723 505 minister,
732 458 820 495 virtutem

84 525 184 574 patientiae,
198 533 215 561 et
229 523 341 570 humilitatis,
355 535 408 572 quam
422 535 443 559 ex
456 535 486 559 me
499 519 582 567 didicisti,
600 528 679 569 oportet,
698 528 717 555 ut
734 517 819 566 sequaris,

83 583 189 633 Exemplum
203 583 251 620 enim
259 582 300 620 dedi
309 581 366 629 vobis,
376 582 394 620 O
404 581 470 619 milites
484 581 526 627 mei,
537 589 556 618 ut
566 578 718 630 quemadmodum
732 590 766 626 ego
779 577 819 623 feci,
840 590 877 617 toan.
887 598 907 624 η,

83 654 100 682 et
113 656 145 681 vos
158 642 240 692 similiter
253 640 327 680 faciatis
341 642 428 686 Charitas,
438 641 456 680 O
466 640 560 685 Monache,
575 653 604 677 me
618 638 711 688 compulit,
721 647 741 675 ut
752 649 773 675 ex
788 636 820 674 vir·
860 653 929 681 eham„

40 752 41 756 Ἰ
83 705 124 754 gine
137 704 193 741 honio
206 715 288 740 nascerer
300 703 318 740 in
331 701 405 745 mundo
419 702 457 751 ipsa
470 711 488 738 te
501 701 537 738 mei
550 713 611 738 amore
625 712 697 750 purum,
706 707 723 736 et
732 697 819 735 humilem
839 689 930 751 ,ffiffssfMdss

83 775 154 812 semper
166 773 259 800 conservet
272 761 290 798 in
304 760 387 799 claustro.
400 760 453 797 Pater
466 759 514 810 quod
528 759 572 797 ruilri
582 759 668 808 praecipit
677 771 722 807 opus
731 757 819 795 humanae
839 759 929 820 puffilfpd

84 822 150 867 salutis,
164 822 190 859 tui
203 833 255 858 causa
268 820 329 858 studui
341 832 412 868 semper
425 819 533 856 indesinenti
543 818 661 857 meditatione
671 817 762 867 perficere:
773 826 790 854 et
799 826 819 852 tu
840 827 901 855 mantuo.

83 882 98 918 si
111 894 140 917 tne
153 880 218 930 diligis,
228 889 310 917 sanctum
324 878 436 916 Monosticae
450 878 590 916 conversationis
604 877 723 927 propositum,
734 876 782 926 quod
793 888 820 927 asj

59 966 60 971 ,
83 940 181 990 sumpsisti,
190 951 224 988 pro
237 938 314 987 peccatis
327 938 363 973 tuis
377 935 467 985 usquead
480 945 558 973 mortem
572 948 614 973 cura
627 935 734 973 inviolatum
747 947 820 972 conser-

83 1011 130 1037 vare¹
144 999 182 1048 Ego
195 998 243 1035 Patri
256 1010 297 1034 meo
314 996 387 1033 coelesti
400 1008 471 1045 semper
487 996 506 1032 in
523 996 591 1032 cunctis
608 995 708 1033 voluntarie
726 1007 781 1043 usque
798 994 820 1031 ad

84 1067 161 1095 mortem
175 1056 231 1094 crucis
244 1056 375 1094 amarissimam
387 1054 484 1101 subiectus,
494 1064 511 1091 et
521 1053 604 1091 obediens
614 1055 672 1092 extiti:
686 1063 704 1091 tu
718 1066 795 1104 quoque,
805 1054 820 1090 si

83 1117 144 1155 venire
156 1116 178 1154 ad
191 1129 220 1153 me
232 1116 320 1159 volueris,
338 1114 403 1152 Abbati
420 1124 451 1152 tuo
469 1114 510 1152 loco
525 1115 561 1151 mei
579 1115 685 1160 constituto,
702 1115 721 1151 in
737 1111 820 1150 omuibus

83 1189 159 1225 semper,
171 1176 219 1212 iuxta
232 1175 314 1225 regulam
323 1174 416 1212 humiliter
424 1173 482 1211 obedi.
492 1174 530 1222 Ego
539 1173 649 1218 mandatum,
659 1172 707 1224 quod
718 1172 766 1210 dedit
776 1171 820 1210 milti

83 1236 135 1272 Pater
148 1248 205 1281 aucus,
218 1247 309 1284 nunquam
323 1235 341 1270 in
354 1234 414 1282 aliquo
428 1246 468 1271 sum
481 1243 609 1282 transgressus,
624 1242 641 1271 et
652 1243 676 1277 tu,
686 1233 721 1270 nisi
729 1233 763 1270 tria
772 1233 820 1282 prin-

83 1293 145 1343 cipalia
158 1294 268 1331 Monasticae
281 1294 399 1331 institutionis
412 1303 454 1331 vota
467 1306 523 1343 usque
537 1293 559 1331 acl
572 1302 649 1331 mortem
665 1293 748 1331 inviolata
762 1305 820 1330 serva-

83 1354 136 1400 veris,
150 1353 195 1391 inter
208 1353 300 1390 ministros
313 1365 370 1399 meos,
380 1362 397 1389 et
407 1352 473 1389 milites
487 1364 599 1401 nequaquam
614 1365 632 1389 es
645 1351 771 1389 numerandus.
780 1351 819 1400 Ego

84 1425 125 1450 cum
138 1425 195 1449 essem
209 1411 266 1458 dives,
280 1420 355 1461 propter
368 1411 442 1449 salutem
456 1422 505 1449 tuarn
519 1411 575 1449 factus
585 1424 625 1448 sum
635 1424 708 1461 pauper,
718 1421 735 1448 et
744 1424 818 1460 egenus:

83 1484 102 1510 tu
116 1485 159 1511 vero
171 1473 205 1509 nisi
219 1485 280 1510 amore
294 1472 330 1510 mei
344 1473 483 1521 contempseris,
499 1481 516 1509 et
530 1471 620 1509 dimiseris
633 1472 704 1518 omnia,
719 1485 770 1509 meus
783 1485 820 1509 non

83 1532 150 1581 poteris
165 1544 203 1568 esse
217 1530 322 1580 discipulus.
336 1532 425 1580 Inopiam,
436 1531 508 1575 firmem,
522 1532 576 1576 sitim,
589 1541 666 1577 aestum⁷
677 1531 739 1580 frigus,
750 1541 768 1568 et
778 1544 820 1569 con-

83 1591 143 1627 tinuos
156 1590 174 1626 in
187 1589 255 1626 mundo
269 1588 339 1627 labores
352 1591 378 1626 tui
392 1602 443 1626 causa
457 1589 544 1627 sustinui:
553 1590 571 1627 in
584 1589 655 1639 quibus,
667 1591 702 1627 nisi
715 1603 744 1627 me
757 1602 819 1627 secun-

83 1650 125 1688 dum
139 1650 218 1698 regulam
232 1659 282 1687 tuam
296 1663 329 1698 pro
343 1650 409 1687 viribus
422 1650 516 1698 patienter,
527 1663 547 1688 ac
558 1650 658 1688 voluntarie
670 1654 743 1687 secutus
756 1647 818 1696 fueris,

83 1723 133 1747 meus
147 1719 201 1755 certe,
214 1722 246 1747 nec
259 1710 347 1755 minister,
361 1722 394 1746 nec
407 1709 465 1755 miles,
477 1722 511 1747 nec
524 1709 624 1747 Monachus
642 1711 682 1748 eris.
700 1710 820 1759 inpatientia
840 1724 901 1751 Lucu.

84 1769 131 1807 enim
144 1779 173 1805 tua
186 1768 286 1817 possidebis
296 1770 374 1806 animam
384 1777 439 1807 tuam,
453 1769 492 1819 Ego
506 1770 523 1805 in
536 1769 571 1806 hoc
585 1768 652 1807 oruudo
664 1769 708 1807 nihil
719 1771 820 1819 concupivi,

83 1827 127 1866 nibil
140 1826 199 1872 habui,
213 1827 257 1864 nilril
272 1836 363 1864 terrenum
378 1828 445 1871 amavi,
459 1828 490 1865 sed
504 1841 575 1877 pauper,
589 1828 668 1872 humilis,
684 1840 702 1866 et
715 1838 819 1866 mansuetus

82 1886 178 1932 incedens,
192 1900 221 1924 me
234 1895 318 1936 pateruae
331 1886 419 1924 voluntati
432 1886 561 1936 perfectissime
575 1900 645 1936 semper
658 1888 676 1924 in
693 1887 777 1925 omnibus
790 1901 819 1925 su-

82 1944 191 1994 sceptibilem
201 1946 314 1992 iniuriarum,
323 1955 341 1982 et
349 1944 443 1983 verberum
453 1945 527 1983 subieci.
536 1945 565 1983 Tu
577 1957 636 1983 autem
646 1948 663 1985 O
673 1941 762 1984 Monache
772 1947 819 1984 clau-

82 2004 148 2051 stralis,
162 2005 192 2054 qui
205 2005 325 2041 Monosticam
342 2004 422 2054 regulam
439 2004 528 2054 profiteris
546 2004 578 2042 sub
590 2003 664 2052 Abbate,
677 2005 705 2044 vel
721 2006 790 2052 Priore,
804 2007 819 2043 si

82 2065 117 2102 iam
131 2063 214 2112 deinceps
228 2064 285 2101 carnis
298 2073 340 2100 tuae
358 2065 512 2114 concupiscentias
530 2063 584 2101 fueris
600 2073 680 2109 secutus,
691 2067 705 2102 si
722 2065 818 2114 peculium,

48 2143 49 2147 =
83 2133 113 2160 aut
125 2123 218 2172 proprium
231 2123 250 2159 iu
263 2123 375 2160 Monasterio
388 2122 495 2172 possederis,
505 2123 520 2160 si
528 2134 597 2172 praeter
608 2137 637 2161 me
650 2123 716 2174 aliquid
725 2125 818 2168 amaveris,

83 2183 97 2219 si
111 2183 230 2231 praeceptoris
245 2183 270 2218 tui
284 2182 367 2219 trtartdata
381 2183 517 2233 contempseris,
526 2183 540 2220 si
550 2183 595 2220 mihi
609 2196 644 2221 non
654 2194 788 2233 perseveranter
800 2185 819 2220 in

84 2241 184 2279 humilitate
197 2241 308 2287 militaveris,
318 2242 376 2280 sciens
385 2243 437 2289 scito,
447 2242 531 2291 quoniam
540 2255 577 2280 non
588 2243 664 2280 militem
674 2253 691 2280 te
699 2242 774 2287 habebo,
782 2256 818 2280 non

83 2299 198 2346 Monachum,
212 2313 248 2337 nou
262 2300 372 2345 Ministrum,
382 2313 418 2338 non
431 2301 538 2349 discipulum
548 2302 664 2351 computabo,
674 2303 705 2340 sed
715 2303 817 2352 profugum,

83 2368 189 2408 apostatam,
202 2360 295 2408 perfidum,
310 2360 423 2405 mendacem,
440 2361 542 2407 irrisorem,
559 2372 576 2399 et
592 2364 683 2410 periurum
696 2362 787 2400 infidelem
801 2373 818 2400 te

83 2417 167 2464 iudicans,
182 2431 222 2455 curra
235 2419 321 2456 traditore
335 2432 376 2456 meo
388 2420 438 2466 luda,
453 2430 470 2457 et
483 2420 602 2458 recidentibus
612 2421 685 2470 Angelis
699 2422 716 2458 in
726 2432 817 2459 aeternum

45 2500 47 2504 ·
83 2478 138 2528 (sicut
151 2478 243 2529 meruisti)
256 2479 294 2515 sine
307 2478 431 2516 misericordia
450 2478 579 2517 condemnabo.
598 2480 651 2525 Quod
667 2481 714 2518 mihi
729 2491 817 2519 voverunt

82 2537 128 2575 labia
141 2548 177 2583 tua,
192 2550 228 2575 uon
241 2537 318 2587 amplius
332 2547 359 2575 est
372 2547 431 2585 tuum,
445 2539 476 2576 sed
489 2551 557 2585 meuru,
566 2540 580 2577 si
591 2552 640 2584 veto,
650 2541 698 2590 quod
709 2553 771 2578 meum
783 2552 817 2587 est,

81 2596 114 2633 tibi
127 2596 245 2644 usurpaveris,
259 2608 295 2633 nou
310 2596 417 2643 Monachus,
440 2607 457 2634 et
470 2610 531 2634 servus
546 2611 596 2635 meus
610 2599 636 2635 vis
655 2613 693 2636 esse
710 2598 773 2644 fidelis,
787 2600 817 2637 sed

81 2655 117 2704 fur,
136 2666 153 2693 et
169 2655 213 2693 latro
231 2668 332 2705 perversus,
346 2656 422 2705 impius,
439 2666 457 2694 et
474 2657 557 2704 iniustus,
576 2658 630 2696 talem
646 2672 718 2709 quoque
736 2670 758 2704 te,
777 2672 816 2697 cum
