1968 3023
357 138 434 175 Humilia
447 137 511 176 XVIII.
769 148 801 184 125

66 221 112 268 dine,
125 222 140 259 si
154 221 198 259 levis
212 221 280 258 oriatur
294 221 370 258 occasio.
385 220 450 268 Magna
463 230 489 257 est
502 220 565 266 virtus,
580 220 595 256 si
609 232 645 256 non
658 219 729 265 laedas,
744 231 801 268 aquo

64 280 122 318 laesus
136 294 165 319 es:
181 293 245 330 magna
258 280 345 318 fortitudo
359 280 418 323 animi,
432 281 446 316 si
460 292 492 329 pro
505 280 537 317 Dei
551 292 612 317 amore
625 280 708 316 iniuriam
723 280 801 316 remittas

65 340 156 379 inferenti:
171 353 235 390 magna
252 339 309 389 gloria
325 341 340 377 si
353 338 419 377 Christi
436 338 539 376 mandatum
557 338 649 383 observas,
664 350 681 376 et
695 352 755 387 preces
768 350 801 387 pro

64 399 188 437 iniuriantibus
201 398 266 437 fundis,
280 400 339 437 Nemo
353 399 398 436 vires
412 399 466 435 animi
481 400 566 447 cognovit
580 399 613 442 sui,
628 411 681 447 quem
694 397 801 435 contumelia

63 459 141 497 necdum
154 459 221 497 adussit
235 460 316 509 insignis.
330 460 390 497 Nemo
403 472 422 495 se
435 458 523 507 glorietur
536 458 605 504 mitem,
615 458 643 495 vel
656 459 760 507 patientem,
771 458 800 506 qui

64 533 100 557 nou
113 519 147 557 fuit
160 528 249 556 saturatus
267 519 374 568 opprobriis.
391 519 433 556 Non
450 519 527 556 estsine
541 518 648 555 adversitate
664 519 755 566 patientia,
769 530 800 554 nec

63 579 101 616 sine
114 579 225 628 improperio
239 579 363 625 tnansuetudo,
374 579 457 628 quoniam
472 580 485 615 si
500 578 568 616 debitas
582 577 688 615 tolerantiae
701 588 756 614 metas
771 589 799 614 cu-

63 638 131 676 stodIre
145 637 234 684 volueris,
249 638 338 686 oportebit
356 639 448 686 inprimis
466 638 595 675 contumeliam
611 637 673 674 adesse
688 636 799 674 inferentem.

63 698 81 735 Si
94 697 180 742 fuissem,
195 697 252 745 inquit
265 697 363 734 monachus
376 698 435 745 piger,
450 706 466 735 et
479 697 569 744 animalis,
583 697 601 733 in
615 695 676 733 diebus
689 706 798 745 martyrum,

62 755 110 793 nulla
127 768 227 804 poenarum
245 768 310 803 genera
327 755 385 792 subire
403 769 434 804 pro
449 756 515 793 Christi
533 769 595 794 amore
608 756 720 802 timuissem,
735 767 799 805 eorpus

61 814 161 852 voluntarie
181 813 287 851 obiecissem
307 813 416 860 tortoribus,
434 826 453 851 ut
470 816 556 852 eoronam
574 816 655 863 martyrii
673 824 798 864 reportassent

62 875 127 924 Magna
145 873 232 911 stultitiae
249 874 346 911 temeritas
361 872 440 910 Verbum
454 887 485 922 pro
499 875 533 911 Dei
547 887 608 911 amore
622 875 709 923 patienter
726 873 798 910 sufferre

62 947 154 983 nunquam
168 933 250 982 potuisti,
261 943 278 970 et
292 934 410 971 constantiam
423 944 525 971 sanctorum
539 943 640 983 martyrum
654 934 753 982 polliceris?
767 934 798 970 Le-

62 1007 102 1031 vem
117 992 249 1040 correptionem
263 994 337 1036 metuis,
352 993 382 1042 qui
400 1005 463 1040 corpus
481 1005 498 1030 te
516 994 599 1030 daturum
617 1005 649 1041 pro
666 992 739 1030 Christo
755 1005 798 1042 pro-

61 1053 124 1090 mittis.
138 1053 156 1089 Si
169 1053 276 1101 martyrium
290 1062 307 1088 te
321 1051 400 1095 delectat,
411 1052 458 1098 audi,
469 1052 511 1101 quid
523 1051 636 1089 beatissimus
645 1053 692 1101 Papa
701 1053 798 1101 Gregorius

61 1111 117 1149 dicat:
133 1112 160 1155 Si,
175 1111 270 1148 adiuvante
286 1124 319 1148 nos
332 1112 414 1155 Christo,
428 1113 514 1149 virtutem
528 1112 624 1161 patientiae
640 1124 710 1148 servare
727 1121 798 1149 eonten-

61 1171 126 1217 dimus,
136 1181 153 1208 et
166 1171 184 1207 in
197 1183 240 1219 pace
254 1170 337 1208 ecclesiae
351 1171 433 1217 vivimus,
443 1182 460 1208 er
473 1172 554 1220 martyrii
564 1171 641 1221 palmam
655 1180 742 1208 tenemus.
752 1172 797 1209 Nam

60 1232 98 1267 sine
111 1230 160 1268 ferro
174 1240 191 1267 et
204 1230 277 1267 flamma
290 1241 376 1280 martyres
391 1243 428 1267 esse
441 1244 545 1280 possumus,
559 1231 574 1268 si
588 1231 692 1280 patientiam
706 1232 723 1267 in
738 1232 797 1268 animo

60 1289 145 1326 veraciter
159 1288 285 1326 custodiamus.
299 1289 346 1325 Mori
359 1302 369 1324 a
382 1299 506 1337 persequente,
517 1289 624 1338 martyrium
638 1289 655 1325 in
669 1299 731 1338 aperto
744 1301 797 1337 opere

60 1359 95 1387 est:
109 1348 156 1386 ferre
169 1359 228 1385 autem
242 1348 369 1393 contumelias,
383 1358 400 1385 et
414 1349 504 1386 odientem
519 1350 602 1398 diligere,
616 1350 724 1397 martyrium
740 1360 767 1386 est
781 1349 797 1385 in

60 1408 130 1445 occulta
146 1408 260 1457 cogitatione.
274 1408 360 1445 Patientia
377 1421 420 1445 vero
437 1418 463 1445 est
481 1409 538 1446 aliena
556 1408 602 1445 mala
616 1409 745 1457 aequanimiter
758 1422 797 1458 per-

59 1468 103 1516 peti,
117 1477 134 1505 et
149 1477 210 1504 contra
228 1480 278 1511 eum,
295 1468 326 1516 qui
339 1466 405 1504 malurn
420 1467 489 1513 intulit,
504 1468 554 1505 nullo
570 1467 633 1505 dolore
651 1468 735 1505 morderi.
749 1468 798 1513 Quid

59 1538 106 1562 nunc
120 1527 170 1575 piger
184 1525 232 1562 dices
246 1539 256 1562 o
270 1525 367 1572 monache,
381 1526 410 1574 qui
424 1527 530 1574 martyrium
545 1525 642 1563 verborum
658 1527 731 1564 sufferre
745 1527 797 1564 levis-

59 1585 125 1621 simum
140 1585 241 1631 impotens,
256 1584 277 1620 de
291 1584 389 1621 constantia
402 1583 487 1622 fundendi
500 1585 592 1634 sanguinis
610 1595 646 1622 tatn
660 1595 743 1634 proterve
757 1586 797 1635 glo-

59 1644 121 1680 riaris?
137 1644 191 1680 Disce
209 1644 262 1680 miser
280 1644 298 1680 in
315 1643 384 1680 levibus
397 1643 461 1681 habere
476 1646 590 1694 patientiam,
605 1656 621 1682 et
636 1646 738 1692 considera,
753 1659 796 1695 quo-

58 1705 117 1749 niam,
133 1704 202 1741 dicente
219 1703 317 1751 Scriptura,
334 1705 363 1753 qui
377 1704 395 1740 in
408 1705 479 1742 modico
495 1705 571 1743 infidelis
585 1716 623 1752 est,
638 1707 664 1750 ei,
678 1708 726 1755 quod
739 1707 795 1743 maius

60 1774 91 1809 est,
105 1764 144 1812 quis
159 1762 251 1799 crederet?
265 1762 293 1799 Ad
306 1764 375 1807 omnia,
390 1777 434 1812 quae
447 1764 491 1802 fiunt
504 1766 522 1802 in
537 1764 634 1809 coenobio,
650 1778 757 1812 rraurmuras,
771 1766 796 1802 in-

59 1832 141 1871 crepatus
155 1821 286 1870 quantumlibet
299 1822 362 1859 leniter
375 1836 407 1872 pro
419 1823 502 1872 gravibus
516 1824 591 1868 delictis,
602 1834 618 1861 et
632 1825 745 1874 negligentiis
755 1826 795 1869 tuis,

58 1881 214 1930 impatientissime
227 1880 299 1927 toleras,
313 1895 367 1919 netno
380 1882 412 1919 tibi
425 1892 473 1919 recte
487 1884 504 1920 in
519 1885 628 1921 monasterio
642 1884 728 1933 graditur,
742 1898 796 1922 nemo

57 1950 126 1989 praeter
140 1950 157 1976 te
171 1940 232 1976 intua
246 1941 370 1978 aestimatione
383 1941 466 1989 religiose
481 1952 602 1980 conversatur.
616 1943 653 1989 Tu,
664 1954 750 1992 quantum
764 1943 795 1981 tibi

57 1999 139 2045 videtur,
151 1998 200 2036 solus
219 2000 236 2035 in
250 1999 337 2037 coenobio
351 2009 430 2044 sanetus,
444 2010 463 2037 tu
477 2004 560 2039 omnium
574 2002 689 2040 doctissimus
705 2005 794 2042 neminem

57 2060 101 2096 scire
111 2059 208 2104 consentis,
218 2058 266 2107 quod
275 2069 294 2095 tu
304 2060 353 2096 solus
363 2062 438 2107 ignoras.
452 2060 508 2110 Super
518 2075 581 2099 omnes
590 2071 608 2098 te
617 2062 717 2100 honoribus
727 2064 794 2100 cunctis

56 2119 147 2155 existimas
161 2117 244 2166 dignum,
258 2120 348 2168 quianon
361 2118 418 2155 solum
433 2121 518 2168 patientia
532 2134 592 2167 cares,
607 2121 639 2158 sed
653 2135 709 2171 neque
723 2123 794 2160 humili-

56 2186 110 2214 tatem
124 2189 192 2222 veram,
207 2189 265 2225 neque
278 2176 397 2214 obedientiam
410 2179 479 2215 retines
493 2179 536 2216 Non
549 2188 576 2216 est
592 2180 635 2217 haee
648 2182 683 2227 via,
696 2195 794 2231 perquam

56 2237 91 2272 itur
105 2235 126 2272 ad
139 2248 215 2284 regnum
229 2236 330 2282 coelorum,
345 2236 415 2286 quando
433 2238 450 2274 in
463 2238 525 2275 schola
539 2239 645 2275 humilitatis
661 2240 740 2288 superbit
755 2254 794 2278 mo-

55 2295 127 2341 nachus,
137 2304 154 2331 et
164 2294 244 2331 moribus
254 2295 326 2333 Christo
335 2297 380 2334 vivit
389 2298 487 2333 contrarius
497 2298 614 2335 christianus..
624 2298 724 2336 Monachus
734 2311 792 2350 autem

53 2355 92 2391 Iesu
106 2354 174 2391 Chti'sri
191 2353 297 2392 solemniter
314 2356 380 2393 iuratus
399 2356 489 2402 minister,
504 2367 524 2393 ut
537 2358 638 2395 Dominum
656 2360 713 2406 possit
729 2361 792 2397 imitati

55 2427 113 2457 suurn,
127 2425 163 2451 non
177 2412 229 2450 debet
246 2427 284 2451 esse
301 2415 397 2464 superbus,
411 2415 441 2452 sed
455 2416 538 2453 humilis:
555 2416 645 2461 obediens,
660 2431 696 2455 non
713 2418 792 2456 rebellis:

54 2483 165 2517 mansuetus,
179 2485 215 2509 uon
229 2474 315 2521 crudelis,
328 2488 385 2525 neque
399 2486 501 2523 protervus,
515 2476 546 2513 sed
562 2477 617 2513 mitis.
635 2477 734 2515 Monachus
749 2492 792 2516 vero

54 2531 147 2580 superbus,
155 2532 258 2579 iracundus,
265 2534 394 2580 contentiosus,
405 2544 423 2571 et
436 2537 518 2584 propriae
530 2536 628 2573 voluntatis
642 2547 716 2584 amator,
726 2539 793 2587 quales,

54 2591 99 2650 proh
112 2591 171 2637 dolor,
184 2589 204 2627 ut
218 2591 320 2641 frequenter
338 2603 379 2630 sunt
396 2594 414 2631 in
427 2594 555 2643 temporalibus
570 2596 673 2642 constituti,
689 2610 733 2646 quos
747 2598 792 2647 apud

53 2664 86 2688 nos
100 2650 200 2688 cellerarios
214 2651 313 2689 secundum
327 2653 406 2702 regulam
420 2667 551 2703 nuncupamus,
566 2667 644 2703 quorum
659 2656 713 2694 elatio
731 2658 792 2695 multis

840 524 855 549 ln
868 524 909 557 hupa-

822 558 872 590 tientes,
886 559 909 583 sed

821 593 908 619 laetabundos.
