1968 3023
153 141 186 166 212
325 132 468 179 Qttttttnrhaodruu
480 135 501 172 sit
509 133 610 184 flagitatum
621 143 712 186 percutitur.

151 223 191 247 curn
205 222 231 249 est
244 210 322 258 bonum3
333 213 395 262 inquo
408 213 447 252 solo
461 216 518 263 quies,
529 225 546 252 et
556 216 603 253 salus
617 225 643 253 est
657 217 731 264 annuae,
747 220 785 255 sine
798 233 833 268 quo
847 233 884 257 non

151 282 177 307 est
190 271 241 315 salus,
255 285 291 309 non
305 274 380 321 requies,
390 286 425 310 non
440 273 536 319 beatitudo,
550 288 587 312 noa
601 275 681 320 felicitas,
690 290 748 326 neque
757 279 774 315 in
789 278 839 316 coelo
853 290 884 327 est,

151 344 208 380 neque
218 332 235 367 in
245 341 296 368 terra.
310 332 359 369 Deus
373 334 420 370 enim
434 347 474 370 cum
484 335 506 371 sit
516 335 598 372 omniurn
611 348 670 373 rerum
685 348 743 383 causa,
757 337 822 384 factor,
832 350 885 388 atque

151 392 263 441 principium,
274 393 310 441 ipse
324 393 372 430 solus
386 403 412 430 est
426 395 494 431 animae
508 393 622 432 beatitudinis
636 394 732 440 obiectum,
743 396 764 433 ad
775 398 825 434 cuins
838 411 884 435 sem-

150 453 237 501 piternam
250 453 353 491 fruitionem
366 453 404 491 sola
417 453 502 491 charitate
515 455 628 504 pertingitur,
642 455 715 504 solaque
728 457 793 493 mentis
806 457 884 505 puritate

150 512 171 548 ad
185 512 222 549 eius
236 525 314 550 amorem
328 515 435 561 pervenitur,
450 514 496 551 Cum
510 515 569 564 itaque
578 516 626 551 Deus
640 516 720 562 unicum,
731 525 748 553 et
757 530 848 554 summum
861 518 884 554 sit

150 573 218 608 animae
235 571 312 616 bonum,
326 583 398 620 propter
415 574 494 621 seipsum
508 573 582 611 anobis
596 584 622 610 est
635 575 677 611 totis
691 574 758 612 viribus
776 574 883 624 diligendus.

149 631 202 667 Extra
215 633 274 668 Deum
287 632 332 669 nihil
346 641 372 669 est
385 631 461 678 bonum,
476 633 520 670 nihil
533 643 624 678 sanctum,
638 634 683 671 nihil
696 634 744 683 quod
758 636 836 672 animam
849 635 884 672 lae·

149 691 216 728 tificare
233 692 289 739 possit
302 693 321 729 in
334 701 431 729 aeternum.
452 691 504 729 Solus
521 694 567 729 enim
582 694 631 730 Deus
646 704 671 730 est
684 694 801 730 Beatitudinis
815 694 884 731 animae

150 759 236 787 centrum.
250 750 337 794 Secundo,
350 749 432 787 iubemur
442 752 541 788 Dominum
555 753 614 789 Deum
628 763 709 790 nostrum
723 752 801 802 diligere,
811 753 852 803 quia
865 767 883 790 se

149 820 217 858 patrem
235 809 286 846 nobis
299 809 381 859 dignatur
400 811 531 858 pientissimum
552 810 640 849 exhibere.
655 812 683 849 Sic
700 813 766 850 etenim
784 825 833 850 orare
851 826 883 850 nos

65 872 130 907 ararum,
149 870 218 908 docuit:
232 870 284 906 Pater
297 880 363 917 noster,
373 871 402 918 qui
416 883 434 906 es
448 871 466 906 in
480 870 542 916 coelis,
557 871 676 908 sanctificetur
690 884 757 909 nornen
770 882 827 909 tuum.
837 873 883 910 Vere

148 931 197 976 Deus
211 931 292 968 omnium
305 939 386 967 nostrum
398 939 424 967 est
436 939 491 978 putet,
501 931 574 979 quinos
584 932 655 974 creavit,
670 944 733 969 ornnes
747 932 807 976 nutrit,
822 933 883 980 pascit,

149 1000 166 1027 et
176 991 194 1027 in
204 1003 243 1027 esse
256 999 386 1034 consertaque
400 1003 499 1038 pereamus
512 990 609 1039 Nunquam
619 990 652 1027 fuit
663 990 727 1039 aliquis
740 1000 776 1039 tam
790 991 883 1039 indulgens

148 1061 197 1097 patet
206 1063 259 1098 super
268 1059 338 1092 terram,
349 1049 379 1099 qui
392 1059 439 1086 tanta
449 1049 534 1087 charitate
546 1049 627 1087 dilexerit
636 1050 748 1099 unigenitum
758 1049 814 1086 filium
824 1062 883 1096 suurn,

148 1120 212 1158 quanta
229 1122 261 1146 nos
280 1110 328 1147 Deus
343 1110 457 1159 omnipotens
475 1120 524 1158 patet
541 1120 603 1147 noster
623 1109 718 1147 dilectione
737 1110 807 1157 pietatis
824 1119 882 1155 amat,

147 1169 205 1216 fovet,
219 1169 287 1218 dirigit,
301 1180 352 1218 atque
367 1170 486 1218 prosequitur.
504 1169 525 1205 Et
542 1169 582 1206 ideo
597 1170 656 1217 ipsum
672 1179 754 1206 tenemur
767 1182 813 1217 puro
831 1169 883 1206 corde

147 1241 200 1277 super
215 1230 275 1267 onmia
289 1227 369 1278 diligete,
382 1229 412 1278 qui
426 1228 454 1265 dat
468 1228 519 1266 nobis
529 1238 546 1265 et
555 1241 601 1273 esse,
612 1237 629 1265 et
638 1229 706 1265 uiuere.
719 1228 759 1276 lpse
772 1228 820 1264 enim
834 1239 883 1276 pater

147 1297 208 1325 noster
222 1298 259 1325 est:
274 1298 290 1325 et
299 1287 404 1337 Adam-qui
418 1289 500 1325 onmium
514 1287 609 1325 hominum
623 1297 692 1324 creatus
706 1296 732 1324 est
745 1288 818 1334 primus,
832 1288 882 1336 igno·

147 1347 192 1383 ravit
205 1359 243 1384 nos.
257 1347 327 1392 Tertio,
342 1346 426 1384 debemus
436 1348 495 1384 Deum
509 1360 561 1395 super
575 1348 635 1384 omnia
649 1345 721 1395 diligere
736 1356 809 1395 propter
822 1347 882 1383 simili-

148 1404 238 1452 tudinemg
251 1407 334 1455 quoniam
347 1406 369 1443 ad
382 1406 478 1454 imaginem
489 1406 523 1443 Dei
538 1405 594 1443 lactus
609 1416 635 1442 est
648 1405 711 1451 homo,
726 1418 778 1442 suum
791 1405 881 1443 intellectu

148 1463 224 1512 quadam
242 1464 357 1502 similitudine
376 1478 453 1515 sequens
473 1475 578 1504 creatorem.
598 1466 647 1502 Deus
665 1474 726 1502 autem
742 1464 842 1501 intellectus
856 1475 881 1502 est

147 1522 242 1570 perfectus,
257 1523 341 1570 infinitus,
355 1537 375 1560 ac
388 1526 519 1572 sempiternus;
534 1525 583 1561 cuius
596 1523 694 1561 bonitatem
708 1532 769 1561 noster
784 1523 881 1561 intellectus

62 1579 96 1640 22³5]-
106 1580 126 1640 {t
147 1583 252 1632 participans
266 1596 296 1631 per
309 1584 384 1632 gratiam
398 1583 459 1620 heatus
473 1583 549 1620 efficitur
559 1584 577 1621 111
590 1596 618 1630 e0‚
628 1584 659 1633 qui
672 1583 736 1621 creavit
750 1582 815 1620 omnia.
828 1583 880 1627 Natu,

147 1650 164 1678 et
176 1642 190 1678 si
204 1641 251 1679 nulla
264 1643 287 1679 sit
300 1644 346 1679 inter
359 1643 418 1679 Deum
432 1653 449 1680 et
462 1643 555 1680 hornineru
573 1643 690 1691 comparatio,
705 1652 732 1679 est
749 1652 809 1678 tamen
826 1642 881 1690 ipsius

147 1702 215 1738 animae
235 1702 324 1739 rationalis
340 1701 361 1738 ad
374 1714 427 1738 suum
446 1702 554 1751 principium
572 1716 593 1738 ex
612 1701 719 1739 conditionis
739 1700 830 1738 nobilitate
845 1714 880 1739 non

147 1761 287 1799 contemnendae
305 1761 395 1810 dignitatis
412 1761 518 1798 similitudo.
538 1762 586 1798 Dicit
602 1762 649 1798 enim
666 1761 763 1808 Propheta:
780 1761 817 1810 Ego
833 1760 879 1798 diui:

146 1821 177 1857 Dii
186 1822 233 1867 estis,
243 1831 260 1858 et
273 1820 303 1857 lilii
315 1821 379 1858 excelsi
393 1834 461 1859 omnes.
475 1821 525 1858 Dixit
537 1821 589 1858 etiarn
599 1821 617 1857 in
627 1820 715 1869 principio
725 1821 813 1857 Dominus
823 1821 879 1858 Deus:

146 1880 231 1917 faciainus
244 1880 336 1918 hominem
349 1879 370 1917 ad
384 1880 489 1928 imaginem,
504 1889 520 1917 et
534 1879 670 1917 similitudinem
685 1888 770 1916 nostram.
784 1878 849 1927 Magna
862 1880 880 1916 in

145 1953 201 1990 genus
217 1949 297 1977 nostrum
311 1940 386 1976 Diuinae
400 1940 470 1988 pietatis
488 1939 577 1989 dignatio,
592 1951 646 1987 quam
663 1951 696 1974 nos
710 1938 760 1975 decet
773 1938 823 1974 otuui
836 1947 880 1975 tem·

145 2012 189 2047 pore
202 2010 317 2047 puramente
331 1998 421 2035 charitatis
435 1997 557 2035 observantiae
571 1998 673 2034 memorati,
688 1997 764 2044 Quarta,
777 1997 836 2033 Deum
848 2010 880 2034 no-

145 2067 202 2095 strum
225 2068 295 2106 propter
317 2056 464 2095 inaestimabilem
485 2056 627 2094 munificentiam
649 2069 699 2093 suam
721 2054 806 2093 dehemus
825 2069 879 2105 super

145 2118 205 2154 omnia
218 2116 297 2165 diligere,
311 2129 364 2165 quem
377 2116 523 2164 recognoscimus
537 2115 588 2153 nobis
602 2125 651 2153 tanta
665 2115 748 2152 beneficia
761 2128 798 2151 non
811 2128 879 2153 meren-

144 2175 191 2213 tibus
205 2175 309 2213 contulisse,
323 2176 371 2211 Dum
384 2188 420 2212 non
434 2188 521 2220 esserum,
536 2176 574 2223 ipse
587 2187 620 2211 nos
634 2187 665 2211 sua
678 2173 757 2211 bonitate
766 2175 784 2211 in
794 2187 832 2211 esse
845 2175 878 2223 pri-

144 2247 194 2271 mum
208 2233 297 2279 condidit,
312 2242 329 2270 et
343 2233 364 2270 ud
377 2234 490 2282 participium
504 2246 546 2270 suae
560 2233 637 2282 gloriae,
651 2245 696 2281 quae
709 2245 801 2282 nunquam
817 2234 879 2270 termi-

144 2294 218 2338 nabitur,
233 2294 327 2331 ordinavit.
341 2293 369 2330 Sic
383 2293 430 2329 enim
444 2292 486 2330 dicit
500 2293 521 2330 de
535 2293 614 2330 hominis
628 2291 720 2329 nobilitate
734 2293 830 2342 scriptura:
844 2294 878 2330 Mi·

143 2354 198 2390 nuisti
212 2366 252 2390 eum
266 2352 319 2401 paulo
335 2353 394 2388 minas
407 2351 427 2388 ab
441 2352 520 2400 angelis;
534 2351 598 2401 gloria,
612 2351 711 2388 ethonore
726 2353 815 2388 coronasti
828 2365 879 2398 eum;

144 2422 161 2449 et
174 2412 281 2449 constituisti
294 2424 336 2448 eum
351 2424 404 2458 super
418 2423 472 2458 opera
485 2425 571 2448 manuum
584 2421 661 2448 tuartnn.
675 2409 734 2448 Vultis
748 2411 792 2447 scire
806 2410 878 2458 fratres,

143 2473 161 2508 in
171 2485 206 2521 quo
216 2472 274 2508 minus
288 2470 350 2520 angelo
360 2471 383 2506 sit
397 2470 464 2507 homo?
477 2470 512 2517 his,
523 2483 568 2520 quae
582 2470 664 2513 dicimus,
678 2469 772 2519 diligenter
785 2470 878 2508 intendite.

48 2544 124 2577 1111111111-
143 2532 185 2569 Duo
198 2541 239 2568 sunt
253 2530 352 2568 intellectus
362 2529 382 2567 ab
393 2531 444 2568 initio
458 2531 518 2577 creati,
532 2531 629 2580 angelicus,
644 2541 660 2566 et
673 2530 767 2568 humanus.
781 2530 878 2580 Angelicus

35 2580 123 2640 ᾗῐζῇὶζξῗω
143 2591 202 2626 statim
215 2591 321 2638 aprincipio
336 2589 429 2626 creationis
443 2603 484 2626 suae
497 2590 515 2626 in
529 2590 611 2627 omnium
624 2588 714 2625 scibilium
727 2600 766 2626 actu
780 2589 835 2626 factus
850 2600 876 2626 est

143 2648 212 2697 plenus,
227 2659 278 2699 atque
291 2648 387 2698 perfectus,
400 2659 417 2686 et
431 2649 497 2696 omnia,
507 2662 551 2698 quae
565 2649 611 2686 seire
625 2647 690 2693 debuit,
700 2661 709 2685 tt
719 2660 781 2687 natura
795 2649 851 2696 novit,
861 2659 878 2685 et
