1968 3023
58 275 129 301 Monachus

43 318 78 335 orare
94 319 129 336 senr-

43 353 66 378 per
84 344 128 379 spiriru

43 386 98 406 tenetur.

151 141 173 176 50
335 127 384 176 Quod
396 129 429 165 siae
442 129 595 174 intermissionem
607 130 693 168 oruitdntn.

149 208 242 245 Attendite
255 222 321 258 quaeso
334 208 396 245 fratres
409 209 509 246 charissimi
523 210 558 256 lris,
576 223 620 260 quae
638 210 677 247 dico
692 208 750 255 vobis,
764 221 781 248 et
799 222 883 260 pensate,

149 281 203 317 quam
217 269 255 304 sitis
269 268 290 305 ad
304 269 342 305 sine
355 268 487 306 intermissione
501 269 588 307 orandum
602 269 681 319 obligati.
695 271 737 307 Non
749 271 793 308 satis
807 282 833 308 est
846 285 884 309 mo-

148 327 207 364 nacho
223 327 241 363 in
254 328 316 365 schola
330 327 395 374 Christi
405 330 450 376 regis
461 329 528 365 aeterni
537 328 559 365 ad
568 329 694 377 perfectionem
705 329 785 367 tendenti
795 332 884 368 orationes

149 388 243 425 canonicas
258 388 368 436 persolvere:
382 401 413 425 nec
427 388 491 425 sufficit
504 390 583 433 homini,
601 390 639 427 Deo
653 402 683 439 per
696 400 759 426 uotum
772 389 884 427 sollemniter

149 448 207 486 dicato
222 462 282 498 preces
296 448 362 486 ordinis
380 461 483 486 comumnes
497 449 515 485 in
530 460 618 487 conventu
631 449 737 498 adimplere:
755 451 841 499 quoniam
855 452 884 500 qui

149 521 219 556 semper
233 521 284 545 orare
293 509 330 545 sine
343 508 475 545 intermissione
485 509 598 558 praecipitur,
608 509 653 546 ultra
662 508 739 546 verbales
749 510 802 546 etiam
815 510 836 547 ad
849 511 884 559 spi-

149 567 222 604 rituales
236 568 326 605 orationes
339 566 432 615 obligatur.
445 568 493 605 Nam
508 569 597 605 orationes
611 568 631 606 ab
646 568 724 611 ecclesia,
738 568 766 605 vel
782 569 845 606 ordine
858 570 883 606 in-

149 627 228 673 stitutae,
242 626 274 663 sub
288 628 353 664 merito
366 637 406 663 sunt
420 625 537 673 obedieutiae,
547 638 564 664 et
576 627 616 677 lege
629 628 738 665 necessitatis
752 628 822 666 tatione
835 641 884 677 prae

150 688 202 735 cepti,
219 686 248 724 ille
264 700 307 724 vero
325 686 388 723 modus
404 686 477 733 orandi,
497 688 527 736 qui
547 688 642 736 spiritualis
656 687 724 735 dicitur,
738 689 788 726 omni
802 699 883 739 tempore

149 748 240 785 monacho
254 748 311 793 utilis,
330 757 346 784 et
359 748 467 784 necessarius
486 747 507 784 ad
525 748 663 796 perfectionem,
680 749 698 784 in
716 747 797 786 libertate
811 750 883 798 spiritus

148 806 249 844 roboratur.
263 806 314 844 Unde
327 805 431 852 notandum,
440 807 489 855 quod
503 806 524 843 ad
538 808 633 852 orationes,
643 821 686 857 quae
700 818 741 844 sunt
754 807 775 844 de
789 818 884 858 praecepto

149 866 241 912 ecclesiae,
254 866 283 903 vel
297 866 369 911 ordinis,
383 865 458 913 prolatio
468 865 565 903 verborum
579 867 600 903 de
613 867 717 904 necessitate
730 867 832 916 requiritur,
843 881 883 904 cum

149 926 249 963 intentione
263 924 380 962 satisfaciendi
393 934 467 971 statuto,
478 938 514 975 quo
528 925 550 962 ad
564 926 649 963 orandum
664 926 750 975 quispiam
764 935 839 964 tenetur,
852 927 883 964 Vi-

149 986 208 1023 derint
221 985 254 1032 illi,
265 985 356 1034 quomodo
366 984 473 1022 satisfaciant
482 985 567 1023 mandato
577 986 666 1030 ecciesiae,
676 986 706 1035 qni
715 986 806 1023 orationes
815 996 883 1034 septem

150 1046 245 1082 canonicas
253 1044 354 1082 ,verborum
368 1044 467 1092 prolatione
480 1058 517 1082 non
532 1046 643 1093 exprimunt,
657 1045 688 1082 sed
701 1058 731 1082 ore
745 1045 805 1083 clauso
819 1047 882 1082 seriem

150 1118 223 1154 precum
237 1105 275 1142 sola
289 1104 397 1155 cogitatione
410 1104 466 1141 oculis
478 1103 620 1142 ministrantibus
631 1115 740 1154 percurrunt.
750 1105 769 1142 ln
779 1104 814 1141 illis
823 1116 882 1142 autem

149 1162 268 1209 orationibus,
282 1176 324 1213 quas
338 1176 374 1200 uon
387 1177 407 1200 ex
421 1162 510 1206 mandato,
521 1162 551 1200 sed
566 1164 637 1213 propria
649 1163 740 1200 voluntate
754 1176 775 1200 ex
788 1163 883 1201 devotione

149 1222 188 1259 sola
201 1222 285 1260 dicendas
298 1223 411 1267 assmnimus,
425 1220 486 1259 fervor
498 1222 564 1258 mentis
577 1222 596 1259 iu
609 1223 668 1259 Deum
680 1222 718 1258 sine
731 1222 832 1271 prolatione
845 1236 883 1259 ver-

133 1276 135 1279 *
149 1283 214 1320 borum
228 1283 303 1329 sufficit,
317 1282 356 1331 quia
370 1281 418 1327 tales,
432 1282 462 1331 qui
475 1281 550 1318 adorent
564 1282 581 1318 in
594 1282 662 1330 spiritu,
672 1292 688 1317 et
697 1282 777 1325 veritate,
786 1282 835 1319 Deus
845 1295 883 1319 ora-

149 1353 203 1386 tores,
217 1343 263 1379 sicut
277 1342 359 1384 diximus
373 1342 451 1390 requirit.
465 1341 564 1378 Canonicas
578 1354 621 1378 vero
637 1354 704 1390 preces,
723 1354 767 1390 quas
779 1351 884 1391 nuncupant

149 1402 209 1448 boras,
223 1401 283 1438 dicere
297 1411 383 1446 tenemur,
397 1410 463 1438 ernon
477 1400 536 1437 solutu
551 1401 634 1449 cogitare.
643 1399 742 1449 Utrobique
752 1400 824 1438 devotio
834 1414 883 1438 merr-

148 1463 171 1499 tis
181 1463 203 1500 ad
212 1463 272 1499 Deum
282 1472 308 1499 est
317 1460 374 1507 utilis,
383 1462 421 1498 sine
430 1474 464 1510 qua
473 1461 532 1498 nullae
542 1473 602 1508 preces
613 1461 707 1498 creduntur
716 1460 802 1498 efficaces,
816 1462 883 1510 Itaque,

148 1522 211 1558 fratres
229 1522 271 1567 mei,
287 1519 357 1570 quando
375 1530 442 1557 stamus
460 1519 482 1557 ad
500 1521 610 1567 orationem,
628 1533 699 1557 summo
716 1519 776 1557 studio
790 1521 883 1570 invigilare

102 1624 104 1627 v
148 1580 238 1625 debemus¹
253 1591 271 1617 et
285 1581 375 1618 intendere
388 1580 475 1629 precibus,
485 1594 529 1630 quas
538 1580 635 1627 fundimus,
645 1593 666 1617 ne
679 1581 717 1617 sine
730 1580 789 1617 fructu
803 1581 882 1618 internae

61 2127 126 2153 Orationis

40 2161 66 2187 alne
73 2162 109 2188 dune.

148 1641 294 1689 compunctionis
307 1653 386 1678 oremus.
400 1640 485 1677 Discedat
499 1640 554 1689 igitur
568 1640 629 1688 procul
643 1640 700 1677 omnis
714 1640 799 1689 cogitatio
817 1642 880 1678 carnis:

147 1711 226 1737 mentem
241 1700 289 1736 nulla
298 1699 382 1749 impediat
391 1700 485 1747 occupatio
495 1700 520 1735 rei
530 1699 630 1737 familiaris:
640 1712 671 1736 nec
680 1698 726 1736 aliud
736 1700 832 1748 quicquam
841 1709 882 1737 tunc

146 1760 217 1795 artimus
231 1759 305 1807 cogitet,
317 1758 351 1795 nisi
364 1759 398 1795 hoc
411 1758 476 1802 solum,
490 1757 540 1806 quod
553 1769 640 1807 precatur.
654 1758 696 1795 ideo
709 1768 726 1795 et
740 1758 823 1795 sacerdos
832 1772 881 1807 prae-

147 1818 214 1854 fatione
227 1828 267 1854 ante
281 1817 386 1855 sacrificium
400 1816 420 1854 de
434 1830 486 1854 more
498 1818 607 1865 praemissa,
622 1828 690 1854 mentes
703 1817 778 1854 fratrum
794 1828 843 1867 parat
856 1818 882 1854 di-

147 1891 200 1915 ceus:
215 1878 288 1915 Sursum
303 1877 364 1915 corda:
378 1887 402 1922 ut,
416 1877 458 1914 dnm
473 1877 570 1927 respondet
583 1877 636 1926 plebs,
646 1876 736 1914 Habemus
745 1877 767 1914 ad
775 1878 882 1925 Dominum,
916 1875 918 1879 ’

147 1937 266 1974 admoneatur
278 1938 322 1975 nihil
336 1937 383 1974 aliud
399 1939 477 1987 cogitare
491 1937 565 1981 debere,
583 1951 635 1986 quam
653 1937 720 1986 ipsum,
738 1950 791 1986 quem
805 1939 881 1983 invocat,

146 1998 213 2034 Deum,
227 1997 324 2034 Claudatur
337 2009 380 2045 ergo
394 2006 455 2034 contra
468 1997 591 2034 adversarium
605 2006 672 2044 pectus,
687 2006 703 2033 et
716 1995 750 2033 soli
759 1996 839 2034 Domino
852 2010 881 2046 pa-

146 2066 190 2094 teat:
205 2070 238 2093 nec
251 2057 270 2093 in
283 2065 364 2105 ternpore
373 2066 443 2093 sanctae
453 2057 539 2093 orationis
549 2057 643 2105 quicquam
653 2056 773 2103 occupationis
782 2056 882 2096 mundanae

146 2117 217 2165 penitus
230 2116 318 2153 admittat.
332 2115 396 2164 Magna
410 2116 457 2152 enim
471 2115 557 2152 orationis
571 2127 624 2163 purae
638 2114 709 2155 utilitas,
720 2128 764 2164 quae
774 2115 829 2153 veluti
838 2129 882 2153 nun·

147 2175 184 2211 cius
198 2174 255 2212 fidelis
269 2175 371 2224 ruurrdatum
387 2172 465 2210 fervidae
483 2174 548 2210 mentis
566 2174 639 2223 peragit,
657 2172 753 2222 volnusque
771 2173 850 2211 ascendit
863 2175 880 2211 in

146 2234 220 2278 caelum,
235 2247 271 2283 quo
285 2246 325 2270 caro
339 2245 375 2270 non
387 2234 478 2282 pertingit,
493 2231 566 2269 Duabus
579 2234 644 2270 etenim
653 2232 684 2269 alis
694 2242 804 2269 sustentatur
817 2234 881 2279 oratio,

145 2302 234 2342 quatenus
248 2293 265 2329 in
280 2293 349 2330 coelum
363 2293 426 2339 evolet,
440 2305 516 2342 quarum
532 2291 586 2329 altera
600 2293 684 2329 ieiunium
694 2291 763 2336 dicitur,
772 2292 826 2330 altera
835 2293 880 2330 elee-

145 2365 222 2401 mosyna
235 2353 343 2390 nominatur,
360 2352 407 2389 Hinc
424 2362 496 2389 sanctus
513 2352 588 2389 Ioannes
607 2351 649 2388 dicit
666 2350 814 2398 Clrrysostomus:
832 2352 881 2389 Nilril

145 2412 236 2458 potentius
250 2410 323 2448 homine
336 2421 403 2457 orante,
417 2412 445 2459 qui
460 2421 499 2448 orat
513 2423 555 2446 cum
568 2410 634 2447 ieiunio
639 2425 644 2456 ;
653 2410 737 2459 qtroniatn
751 2408 831 2457 duplices
845 2410 880 2447 alas

145 2468 202 2513 habet,
217 2480 234 2506 et
248 2483 305 2519 neque
319 2470 396 2515 oberrat,
409 2483 467 2519 neque
486 2479 551 2518 torpet.
570 2469 649 2507 Oremus
662 2469 716 2516 igitur
730 2469 747 2505 in
761 2481 834 2506 summo
847 2469 880 2507 fer-

145 2542 189 2565 vore
202 2530 284 2577 spiritus:
298 2540 315 2566 et
329 2539 393 2578 quanta
406 2542 501 2578 possumus
516 2529 636 2566 conscientiae
648 2528 724 2577 puritate
737 2528 824 2573 vivamus
838 2542 881 2578 quo-

145 2587 194 2623 niam
207 2587 255 2623 illius
269 2598 295 2624 est
308 2587 389 2637 perfecta,
403 2598 420 2624 et
433 2589 473 2625 De'o
486 2588 559 2636 placens
573 2588 637 2633 oratio,
652 2587 701 2624 cuius
715 2597 732 2624 et
746 2600 798 2624 causa
812 2587 879 2633 clamat,
894 2591 896 2593 ’

145 2657 163 2683 ct
175 2646 242 2695 lingna,
256 2647 305 2683 cuius
319 2655 375 2693 actus,
390 2658 406 2684 et
420 2660 479 2685 sertuo
494 2646 613 2697 deprecationi
631 2646 754 2693 consentiunt,
773 2647 823 2684 cuius
837 2648 879 2693 vita,
