1968 3023
76 1083 109 1108 Satis
116 1083 137 1108 diu
144 1083 163 1108 vi-

75 1124 98 1149 ruty
103 1126 124 1151 qut
131 1118 162 1143 vixit

76 1153 106 1178 saris
116 1153 154 1179 bene.

107 1628 162 1653 Securus

75 1670 103 1696 quis
121 1671 162 1688 mon-

76 1704 100 1723 tur.

184 187 217 222 172
362 174 388 210 Dr
402 173 424 209 orl
437 180 506 210 rnorttm
517 175 644 222 praeparatione
657 175 742 211 coartiano.

183 255 254 292 Paulus:
264 255 352 291 Statuturn
367 265 398 297 est,
410 255 473 303 inquit,
486 253 588 291 homiuibus
602 255 657 292 semel
672 257 724 293 mori.
735 255 828 293 lltleditatio
842 250 921 294 necessa-

183 314 219 351 riae
229 315 292 350 mortis
302 315 386 351 continua
396 313 438 349 facit
447 314 539 351 homiuem
550 327 639 363 rmuquam
651 315 667 351 in
678 316 753 352 terrenis
763 313 814 351 rebus
823 315 919 362 confidere,

183 372 213 409 sed
227 374 294 410 exitum
309 386 361 409 suum
376 374 393 409 in
407 375 457 411 omni
472 374 517 416 loco,
528 385 544 410 et
557 384 639 423 ternpore
651 387 691 410 cunt
703 375 813 423 providentia
823 385 920 423 expectare.

183 432 277 470 Meditatio
292 433 354 469 mortis
368 434 465 469 terruiuum
476 433 546 470 uiuemli
560 446 630 482 semper
644 436 660 470 in
675 435 725 471 onnti
736 435 776 471 loco
786 444 870 483 expectat,
880 447 920 482 pro·

184 502 243 540 pterea
257 490 304 541 quod
314 492 402 529 moriendi
413 502 499 540 punctum
509 493 578 540 perdtus
592 494 668 542 ignorat.
678 494 715 538 Qui
726 494 789 530 mortis
800 494 867 531 loturae
877 508 920 543 quo-

184 551 227 588 tidie
244 551 339 588 meditatur
356 551 457 595 aduentum,
473 562 538 601 quatita
556 562 614 601 potest
632 552 723 602 diligentia
741 554 790 589 omni
808 563 889 602 tempore
902 567 921 590 se

184 611 263 660 disponit
276 611 296 648 ad
311 611 430 648 moriendum.
444 611 494 648 Nihil
508 613 554 648 enim
569 624 626 650 morte
644 612 696 650 nobis
711 614 776 650 certius
794 625 825 657 est,
840 614 920 663 quamuis

184 671 246 708 horam
261 670 348 707 moriendi
359 683 422 707 omnes
433 671 542 719 ignoremus,
551 672 602 709 Unde
616 672 710 709 charitates
720 684 795 719 uestras,
806 672 875 718 fratres,
887 686 920 722 qua

184 744 279 778 possumus
298 731 385 776 instantia,
399 744 501 777 monemus,
515 741 533 767 ut
547 744 578 769 vos
592 745 663 781 semper
677 733 760 781 cogitetis
776 734 881 778 morituros,
895 742 920 769 ta-

184 791 231 840 lique
244 804 276 828 vos
287 790 398 838 prouidentia
411 790 432 826 ad
447 790 560 828 moriendum
570 791 631 828 sedulo
646 793 761 841 praeparetis,
772 804 790 829 ut
805 793 921 829 cumvenerit

184 850 233 896 hora,
248 849 307 899 egredi
321 862 355 886 non
370 851 454 886 timentis.
464 851 524 887 Nemo
538 852 592 887 vitan
607 849 640 888 sibi
655 851 760 900 polliceatur
775 853 792 888 in
805 852 838 889 hoc
853 851 920 889 murrdo

184 909 283 958 p'rolixam3
298 909 338 957 quia
351 909 394 945 nihil
408 910 434 945 sic
447 909 514 958 decipit
523 911 614 956 mortales,
624 910 716 958 quomodo
726 924 766 959 spes
777 912 814 947 aeui
827 911 919 959 longioris.

183 968 233 1013 Quid
247 969 295 1005 enirn
309 978 392 1015 operatur
406 969 423 1004 in
438 967 541 1005 hominibus
555 969 640 1015 prolixior
654 979 709 1016 aetas,
723 970 757 1007 nisi
774 970 822 1019 quod
839 970 920 1018 pluribus

184 1026 253 1063 delictis
272 1026 313 1062 facit
331 1025 425 1071 obnoxios,
440 1037 457 1063 et
474 1028 496 1064 ad
514 1028 626 1064 moriendum
645 1041 717 1077 semper
735 1029 794 1064 minus
812 1028 920 1077 dispositos?

184 1087 258 1130 Quanto
272 1087 348 1123 uiuimus
362 1087 379 1123 in
393 1086 427 1123 hoc
442 1089 510 1125 mtmdo
525 1087 597 1140 diutius,
613 1099 662 1125 tanto
677 1100 755 1126 mortem
769 1088 845 1137 amplius
859 1088 921 1124 lormi-

184 1147 252 1184 damus.
267 1147 373 1199 Accumulat
387 1147 459 1195 longior
472 1158 519 1184 aetas
533 1149 600 1185 maiora
614 1148 712 1196 spiritualis
725 1147 839 1197 obligationis
854 1146 919 1194 debita;

184 1217 201 1242 et
213 1215 263 1242 tanto
278 1206 337 1242 uenire
350 1215 390 1242 tutte
403 1216 520 1254 conspectum
533 1205 608 1243 districti
626 1206 689 1243 iudicis
707 1207 763 1244 homo
778 1220 832 1243 senex
845 1206 920 1254 atnplius

184 1266 252 1307 metuit¹
267 1274 333 1314 quomo
347 1278 365 1302 se
378 1266 396 1301 iu
409 1264 490 1313 pluribus
500 1264 521 1302 ad
531 1265 637 1303 reddendam
648 1267 737 1302 rationem
747 1265 845 1314 obligatum
860 1278 920 1302 coram
938 1263 940 1266 ’

183 1324 263 1361 Domino
277 1325 395 1372 recognoscit.
410 1324 487 1360 Animus
501 1325 547 1361 enim
562 1325 583 1361 de
597 1337 672 1372 corpore
685 1339 718 1362 suo
738 1326 803 1362 invitus
821 1323 919 1374 egreditur,

184 1383 214 1431 qui
228 1383 345 1420 conscientiae
359 1395 400 1419 suae
414 1382 527 1431 grauioribus
537 1384 612 1420 stimulis
624 1384 705 1432 agitatur.
717 1384 754 1428 Qui
764 1393 823 1420 autem
837 1383 857 1419 ab
871 1384 920 1419 omni

184 1442 252 1479 malitia
265 1443 363 1490 iniquitatis
377 1450 403 1478 est
412 1454 475 1489 purus,
486 1452 502 1478 et
515 1443 653 1479 necessariarum
668 1443 734 1479 decore
747 1443 835 1478 virtutum
844 1441 866 1479 ad
875 1441 920 1484 salu-

184 1512 222 1538 tem
232 1512 310 1546 ornmus,
324 1501 369 1537 mori
383 1513 419 1537 non
434 1502 504 1547 meruit,
518 1502 558 1550 quia
567 1515 598 1550 per
607 1512 683 1539 mortem
695 1501 717 1538 ad
726 1502 781 1538 uitam
795 1503 920 1550 sempiternam

183 1562 237 1599 uadit.
248 1561 311 1606 Qualis
321 1574 363 1609 ergo
373 1561 420 1597 mori
429 1561 455 1597 vis
470 1573 480 1597 o
494 1561 585 1605 monache,
595 1562 634 1598 talis
644 1574 692 1598 nunc
701 1562 750 1606 viue3
766 1563 806 1610 quia
816 1562 862 1598 mala
871 1574 919 1598 mors

183 1634 271 1658 essenon
285 1621 357 1668 poterit,
373 1632 425 1669 quam
440 1620 487 1656 vitae
501 1619 556 1656 borrae
570 1621 662 1670 integritas
680 1622 782 1669 praecessit.
796 1621 813 1658 O
827 1633 879 1670 quatu
893 1634 920 1656 se·

159 1726 161 1733 ¹
184 1694 225 1717 cure
238 1681 322 1724 moritur,
337 1679 417 1728 quisquis
426 1679 527 1715 Dominum
537 1682 596 1716 Iesum
610 1693 663 1728 super
677 1681 738 1717 omnia
752 1680 816 1728 diligit,
830 1690 847 1716 et
860 1680 920 1716 onmia

183 1742 236 1777 huius
250 1740 311 1777 intrudi
325 1739 370 1776 bona
384 1751 417 1788 pro
431 1738 478 1775 illius
495 1752 556 1776 amore
574 1751 697 1786 contemnens,
712 1740 749 1776 eius
767 1752 858 1776 sermones
871 1752 919 1775 vera-

183 1801 227 1836 citer
241 1798 323 1836 custodit.
333 1798 409 1835 Securus
423 1797 443 1834 ab
458 1798 491 1834 hac
504 1799 539 1834 uita
553 1799 647 1847 egreditur,
657 1799 688 1847 qui
700 1800 737 1835 sine
751 1798 820 1834 macula
830 1799 920 1835 conscien-

183 1861 217 1896 tiae
231 1871 300 1908 semper
310 1860 327 1894 in
336 1859 370 1895 Dei
379 1870 440 1894 autore
455 1868 575 1896 conversatur.
585 1859 650 1895 Secure
659 1859 744 1903 moritur,
755 1859 804 1894 cuius
818 1859 853 1895 uita
866 1857 919 1894 nullis

183 1919 237 1956 huius
256 1916 448 1965 mundivoluptatibus
467 1918 573 1966 inquinatur.
587 1918 637 1955 Mors
655 1918 702 1954 enim
722 1927 832 1963 sanctorum,
846 1930 919 1954 somnus

184 1988 210 2015 est
220 1978 341 2021 dulcissimus,
352 1986 368 2013 et
381 1976 402 2013 ad
415 1977 471 2013 uitam
481 1986 570 2013 aeternam
580 1976 685 2025 tranquillus
700 1977 790 2013 introitus.
800 1977 849 2013 Mors
859 1985 919 2012 autern
957 2007 959 2015 ,

183 2047 298 2085 peccatorum
312 2037 393 2085 pessima,
403 2048 480 2084 quorum
494 2037 529 2072 uita
542 2036 593 2080 mada,
607 2047 623 2073 et
637 2035 702 2072 divinis
716 2034 857 2073 institutionibus
871 2047 919 2083 prae-

183 2098 237 2134 cessit
253 2096 346 2134 contraria.
361 2095 397 2138 Qut
410 2095 455 2130 vivit
469 2096 487 2131 in
500 2095 577 2143 peccatis
591 2096 630 2132 Deo
645 2096 751 2140 contrarius,
764 2093 784 2131 ht
797 2094 822 2131 illi
835 2106 884 2131 mors
897 2094 919 2130 ad

183 2156 273 2194 infernum
291 2154 389 2191 horrendus
407 2154 498 2191 introitus.
513 2154 560 2190 Male
577 2168 612 2191 non
630 2154 712 2198 moritur,
727 2154 757 2203 qui
775 2152 818 2190 bene
835 2154 887 2189 vixit:
902 2162 919 2189 et

183 2229 224 2253 raro
237 2215 282 2252 berre
295 2214 378 2259 moritur,
389 2213 420 2262 qui
433 2226 503 2261 semper
514 2212 559 2249 male
569 2214 634 2249 uixisse
643 2212 782 2249 demonstratur.
792 2213 868 2249 Securus
881 2226 919 2249 mo·

182 2276 235 2321 titur,
250 2276 280 2323 qui
294 2274 353 2310 Deum
367 2285 410 2321 pura
424 2283 484 2308 mente
499 2284 551 2319 super
565 2273 623 2308 onmia
637 2270 702 2319 diligit,
718 2281 735 2308 et
749 2284 767 2307 se
782 2270 801 2307 ab
815 2272 849 2308 hoc
859 2271 919 2308 seculo

182 2348 259 2383 nequam
273 2332 359 2370 mundum
374 2333 423 2369 omni
438 2342 521 2380 ternpore
535 2330 616 2367 custodit.
631 2330 681 2367 Mors
694 2329 752 2375 bonis,
766 2340 783 2366 et
796 2331 848 2367 rectis
866 2330 918 2367 eorde

183 2393 272 2442 optabilis,
282 2392 322 2441 quia
336 2393 433 2429 terminum
448 2391 525 2439 imponit
538 2390 596 2436 exilio,
606 2401 623 2427 et
636 2391 690 2426 vitam
701 2389 759 2427 reddit
772 2391 789 2426 in
803 2391 859 2427 coelo.
869 2391 919 2427 Mors

183 2463 209 2490 est
227 2453 295 2490 relictio
313 2452 399 2499 corporis,
414 2451 484 2487 eversio
502 2449 590 2487 tenebrosi
608 2450 687 2495 carceris,
702 2459 718 2486 et
735 2448 824 2497 depositio
841 2451 919 2487 sarcinae

182 2513 248 2561 grauis.
258 2513 307 2548 Mors
317 2521 343 2547 est
352 2511 472 2559 praesentium
483 2509 571 2546 malorum
581 2509 674 2554 terrnirtus,
685 2509 767 2545 tristitiae
776 2508 822 2556 finis,
832 2520 848 2547 et
859 2510 917 2546 omnis

183 2571 297 2619 sepulchrum
312 2580 390 2607 terrenae
404 2569 507 2618 voluptatis.
520 2569 597 2605 ltlortem
611 2567 656 2604 bona
670 2569 707 2604 vita
720 2569 738 2604 in
752 2566 791 2612 fide,
805 2580 822 2605 et
835 2569 919 2605 charitate

184 2631 223 2667 lesu
237 2630 303 2668 Christi
320 2629 360 2666 lacit
378 2630 478 2678 preciosam
493 2637 509 2665 et
523 2628 556 2664 Dei
573 2641 625 2665 servo
643 2627 721 2663 manime
739 2626 839 2674 optabilem.
854 2627 918 2664 Curare

184 2702 231 2726 nunc
245 2690 299 2738 igitur
308 2689 374 2725 -fratres
384 2697 462 2725 mortem
476 2688 541 2724 sanctis
555 2687 656 2735 praevenite
666 2686 757 2733 operibus,
773 2697 790 2723 et
802 2687 852 2723 vobis
866 2686 918 2723 facite
