1968 3023
408 137 465 174 Strato
478 138 500 175 II.
779 150 820 187 ¹191

85 220 134 258 omni
148 219 246 268 pollutione
260 230 335 254 venerea
349 227 436 267 perpetuo
449 217 543 255 abstinere.
557 219 605 255 Haec
620 220 666 256 enirn
680 219 713 256 tria
726 229 767 257 sunt
779 228 822 256 vota

84 278 193 317 monasticae
207 277 346 315 conversationis
360 276 470 326 principalia,
486 286 546 314 contra
560 290 636 325 quorum
650 276 780 315 observantiam
796 278 821 314 vi-

84 352 131 384 vete,
145 338 275 376 monachorum
289 348 316 374 est
329 338 420 375 damnatio
437 348 491 375 certa.
506 336 636 375 Monachorum
654 338 718 374 etenim
732 339 821 387 professio

84 399 116 437 sub
130 408 211 436 aeternae
224 399 342 436 damnationis
361 399 448 445 sententia
467 398 551 447 praecipit
565 411 595 435 eos
609 399 668 435 vivete
685 399 722 435 sine
737 399 820 447 proprio,

84 459 116 498 sub
137 458 238 496 obedientia
256 459 341 507 pastoris,
355 469 373 495 et
390 458 408 494 in
426 468 511 507 perpetua
529 458 612 495 castitate.
627 458 668 495 Uno
686 471 706 495 ex
722 458 777 495 tribus
792 459 820 496 his

84 519 150 561 ablato,
165 518 255 566 integritas
275 518 372 554 monastica
385 517 451 554 violata
465 527 501 564 est,
516 527 532 554 et
545 517 616 555 tiarnuat
629 519 746 566 transgressio
761 527 819 555 conte-

84 586 180 615 mnentem.
193 577 246 614 Nono
258 577 312 626 igitur
322 577 361 614 loco
372 576 489 614 admonemus
499 589 571 614 omnem
581 577 672 614 hominem
682 577 720 614 Deo
733 576 819 622 dicatum,

84 646 171 686 quatenus
185 647 274 686 tamquam
289 646 389 685 serpentem
403 648 512 673 venenosum
527 637 617 685 propriam
631 649 701 685 semper
716 647 775 673 caveat
789 650 820 673 vo-

84 697 181 734 luntatem:
196 697 280 745 quoniam
294 696 327 733 nisi
341 709 380 732 eam
394 696 444 732 omni
458 705 539 745 tempore
552 706 653 743 suspectam
667 695 754 741 habuerit,
769 695 820 733 facile

84 759 102 794 in
115 756 185 793 foveam
203 755 321 793 damnationis
340 754 390 793 cadit.
404 756 497 792 Attendite
514 755 603 804 regulam,
617 769 661 805 quae
677 755 770 792 monachis
787 768 819 791 nec

84 817 175 864 corporis,
189 828 222 852 nec
239 814 336 853 voluntatis
353 816 436 864 propriae
453 816 540 864 permittit
558 824 670 863 potestatem.
684 816 742 853 Nemo
758 824 819 863 peccat

84 877 156 913 invitus.
170 875 188 911 Si
201 874 311 912 voluntatem
330 884 378 911 tuam
392 875 442 919 Deo,
456 883 473 910 et
486 873 544 911 abbati
561 883 592 911 tuo
610 875 628 911 in
642 874 724 911 omnibus
740 875 818 923 perfecte
835 871 836 875 ¹

83 935 193 981 submiseris,
207 944 298 983 peccatum
312 933 363 970 iacile
377 933 478 971 declinabis
492 934 578 977 Decimo,
593 935 640 983 quod
652 934 770 982 integritatem
785 933 819 971 ob-

83 994 183 1031 servantiae
196 994 281 1042 regularis
295 1006 400 1030 conservare
413 1002 472 1041 potest
486 994 503 1030 in
517 992 572 1037 vobis,
586 993 648 1030 iratres
662 993 697 1029 mei
710 993 817 1039 charissimi,

82 1063 119 1099 est,
133 1062 153 1088 ut
168 1053 185 1089 in
198 1052 280 1090 omnibus
289 1052 378 1098 adversis,
392 1061 409 1088 et
425 1053 518 1089 contrariis
529 1048 631 1100 patientiam
644 1051 723 1089 habeatis
737 1061 818 1089 constan-

82 1113 170 1149 tissimam
184 1121 256 1161 propter
269 1124 349 1148 amorem
359 1112 398 1148 Dei.
411 1111 441 1148 Est
453 1113 499 1148 enim
514 1112 598 1161 patientia
611 1112 667 1148 virtus
681 1124 817 1161 magnasquam

82 1171 194 1209 tolerantiam
207 1171 240 1208 alio
254 1171 327 1208 nomine
340 1167 437 1208 vocamlts:
452 1171 490 1208 sine
502 1184 536 1220 qua
549 1184 602 1208 nertio
613 1171 732 1208 tentationum
745 1184 817 1208 suarum
867 1191 869 1194 .

82 1232 139 1268 victor
157 1230 222 1267 evadet.
239 1231 334 1278 Propterea
352 1230 396 1267 dixit
415 1230 432 1266 in
449 1241 510 1268 sancto
528 1230 624 1279 Evangelio
638 1230 738 1267 Dominus:
753 1232 772 1267 ln
788 1244 817 1279 pa-

82 1290 143 1327 tientia
156 1300 214 1326 vestra
232 1288 345 1338 possidebitis
363 1290 436 1329 attintas,
447 1300 520 1326 vestras.
535 1288 584 1332 Quid
599 1299 626 1325 est
643 1289 736 1338 patientia,
750 1289 783 1326 nisi
801 1299 817 1325 et
849 1335 851 1338 ι

80 1363 126 1396 suas,
137 1360 153 1386 et
162 1362 235 1387 suorum
246 1349 323 1392 iniurias,
333 1358 350 1385 et
362 1358 431 1385 caeteta
445 1362 525 1398 quaeque
535 1348 608 1386 adversa
618 1362 649 1397 pro
663 1349 696 1384 Dei
710 1349 815 1393 reverentia,

82 1419 99 1446 et
113 1421 173 1446 amore
186 1409 314 1457 aequanimiter
327 1408 417 1444 tolerare?
431 1408 502 1445 Credite
516 1408 560 1444 milii
573 1407 643 1454 fratres,
655 1409 761 1445 sententiam
775 1421 816 1457 apo-

81 1469 123 1505 stoli
136 1469 187 1505 dico:
202 1469 284 1516 patientia
298 1467 349 1505 vobis
363 1477 389 1505 est
402 1467 453 1505 valde
469 1468 573 1513 necessaria,
587 1477 605 1504 ut
619 1468 728 1515 voluntatem
744 1468 778 1504 Dei
792 1467 816 1504 fa·

82 1529 147 1564 cientes
161 1528 255 1575 reportetis
269 1528 434 1574 repromissionem.
448 1527 474 1564 Sit
487 1526 538 1564 vobis
552 1527 645 1574 patientiae
663 1527 752 1563 Dominus
766 1530 815 1564 Iesus

81 1588 141 1625 vivum
156 1587 256 1639 eretriplar:
268 1599 321 1635 quem
335 1587 378 1624 totis
388 1585 455 1622 viribus
469 1586 575 1635 sequamini.
585 1586 693 1633 Undecimo,
704 1586 766 1623 fratres
779 1587 815 1623 mei

81 1656 148 1692 cavete,
158 1659 180 1683 ne
193 1645 311 1682 cordavestra
325 1656 420 1694 graventur
434 1646 452 1682 in
462 1645 543 1694 crapula:
555 1648 595 1694 quia
608 1645 707 1682 monachus
719 1659 754 1682 uon
764 1645 816 1683 debet

80 1705 101 1741 ad
115 1705 214 1741 satietatem
225 1704 337 1750 manducare,
348 1713 365 1740 et
374 1702 445 1741 bibere:
455 1704 485 1741 sed
495 1703 611 1741 abstinentiae
624 1717 685 1741 amore
694 1717 764 1753 semper
774 1717 815 1741 cum

80 1764 157 1813 quodam
172 1764 256 1813 appetitu,
270 1773 287 1798 et
301 1764 357 1800 esurie
372 1775 445 1800 cessare.
457 1764 507 1800 Dicit
521 1763 568 1799 enim
582 1764 608 1800 vir
622 1763 696 1812 sapiens.
706 1764 743 1807 Qui
757 1763 815 1811 diligit

80 1823 146 1871 epulas
160 1823 178 1859 in
191 1833 267 1872 egestate
281 1823 323 1859 etit:
338 1833 354 1859 et
368 1823 398 1871 qui
412 1833 459 1858 amat
472 1823 539 1865 vinum,
552 1833 568 1859 et
581 1823 660 1871 pinguia,
675 1836 710 1859 nou
725 1822 814 1859 ditabitur.

80 1884 143 1919 Amare
161 1882 256 1920 ieiunium:
270 1881 396 1918 abstinentiam
415 1881 491 1930 diligite:
506 1883 523 1918 in
542 1881 625 1919 omnibus
644 1882 783 1928 continentiam,
799 1893 816 1918 et

79 1942 207 1989 parsimoniam
221 1952 294 1978 servate.
308 1941 355 1977 Haec
369 1953 417 1977 arma
433 1951 473 1978 sunt
489 1941 619 1978 claustralium:
634 1941 676 1977 ltaec
690 1941 767 1989 insignia
780 1942 816 1989 spi-

80 2001 148 2037 ritualis
162 2000 235 2037 militiae
249 2000 384 2047 monachorum,
398 2000 436 2036 sine
450 1999 513 2048 quibus
529 2012 570 2036 cato
584 2014 620 2037 nou
633 2000 716 2047 vincitur,
730 2013 762 2037 nec
772 1991 815 2036 ¹dae-

79 2074 141 2105 mones
155 2071 265 2109 superantur.
280 2059 395 2097 Affluentiam
410 2058 491 2096 ciborum
504 2071 596 2096 sermones
613 2060 721 2097 comitantur
734 2060 814 2097 inutiles:

79 2129 96 2156 et
109 2122 151 2157 vino
165 2120 242 2168 repletus
255 2129 316 2156 venter
334 2118 436 2156 immundas
445 2120 528 2165 concitat
544 2122 668 2168 suggestiones
682 2120 748 2166 camis>
762 2129 815 2168 atque

79 2178 162 2216 libidinis.
176 2179 194 2216 Si
207 2179 233 2215 vis
247 2191 284 2215 esse
299 2187 363 2225 castus,
373 2177 471 2214 abstemius
486 2186 529 2215 esto.
539 2177 673 2225 Turpissimum
687 2188 712 2215 est
725 2178 814 2215 monacho

79 2238 136 2274 ventri
149 2238 219 2284 servite,
231 2248 247 2274 et
260 2237 318 2286 gulae,
329 2237 360 2286 qui
374 2249 406 2285 pro
418 2237 451 2273 Dei
466 2249 527 2273 amore
541 2238 609 2273 cunctis
623 2237 675 2274 simul
689 2237 751 2274 tutandi
764 2237 814 2274 volu-

78 2296 155 2344 ptatibus
170 2297 283 2333 renunciavit.
298 2296 437 2342 Duodecimum,
447 2295 494 2344 quod
508 2296 617 2333 monachum
631 2299 648 2334 in
662 2296 773 2334 observantia
787 2310 813 2334 re-

78 2356 134 2405 gulari
152 2356 193 2392 iacit
207 2356 275 2402 utilem,
290 2367 306 2392 et
320 2366 419 2402 strenuum,
434 2367 465 2402 est,
480 2365 499 2392 ut
513 2356 535 2392 sit
549 2356 695 2406 diligentissimus
710 2358 755 2393 circa
768 2357 813 2394 divi-

78 2417 138 2452 nitatis
152 2415 263 2465 obsequium.
275 2416 370 2452 Enimvero
385 2416 414 2464 qui
428 2428 480 2452 verus
494 2416 529 2452 Dei
542 2426 568 2452 est
582 2429 643 2453 servus
652 2416 708 2465 (quod
723 2430 760 2453 esse
774 2414 814 2453 rno-

79 2475 130 2511 naclti
144 2487 206 2511 omnes
224 2474 297 2524 debent)
314 2487 384 2522 semper
400 2475 418 2510 in
434 2487 488 2522 opere
506 2476 590 2511 creatoris
608 2477 635 2512 sui
652 2474 730 2512 fervidus
745 2486 781 2522 est,
796 2485 814 2512 et

78 2533 163 2583 diligens:
174 2544 190 2571 et
203 2536 243 2583 quia
257 2535 315 2570 Deum
329 2533 393 2583 ubique
406 2535 492 2570 veraciter
506 2534 555 2571 novit
566 2548 604 2571 esse
617 2544 733 2583 praesentem,
743 2545 780 2572 tota
794 2548 813 2572 se

78 2592 103 2629 illi
117 2593 212 2630 devotione
229 2604 278 2642 parat
295 2595 313 2629 in
326 2594 445 2630 ministerium
462 2592 594 2642 obsequiosum.
609 2594 697 2643 Scriptum
714 2603 740 2631 est
754 2595 811 2632 enim:

78 2652 183 2690 Maledictus
197 2653 258 2699 homo,
268 2654 297 2701 qui
310 2651 351 2689 facit
365 2665 410 2701 opus
424 2652 457 2689 Dei
471 2653 589 2702 negligenter.
601 2652 710 2691 Accedeutes
724 2655 778 2703 igitur
791 2655 813 2691 ad
833 2660 870 2686 Hier·
879 2660 900 2692 a&
