1968 3023
369 165 446 203 Humilia
460 164 508 202 XVI.
773 176 806 212 117

74 254 149 292 residere
165 255 241 303 cogitat,
255 265 306 290 suum
320 251 338 288 in
352 261 398 287 terra
411 250 539 299 prolongatum
557 247 630 286 exilium
644 249 706 298 plorat.
725 248 774 286 Nihil
788 249 805 285 in

74 312 108 350 hoc
116 313 184 350 mundo
194 307 264 362 p'raeter
272 313 331 349 lesum
345 310 413 360 diligit:
428 309 473 346 nihil
486 308 539 352 aliud,
550 322 602 358 quam
617 308 721 346 crucifixum
731 310 806 358 quaerit.

74 372 150 410 Divitiae
163 373 178 409 si
195 372 259 419 adsint,
278 384 372 410 corsuum
386 372 469 419 poenitus
484 368 590 418 dedignatur
603 381 702 418 apponere:
718 370 732 404 si
746 378 805 405 autem

74 430 171 478 defuerint,
187 445 216 469 eas
230 433 303 469 minime
320 430 388 480 quaerit
405 430 490 466 invenire.
508 428 555 465 Cum
573 429 620 465 enim
635 442 654 465 se
669 429 752 477 pauperis
767 428 806 464 lesu

74 502 157 540 agnoscat
166 504 204 528 esse
213 491 326 541 discipulum,
334 491 402 539 optime
412 488 497 538 intelligit
506 488 559 525 huius
569 488 631 525 inundi
641 488 711 525 divitias
720 500 806 537 magnum

74 550 186 589 Christianae
199 550 313 601 perfectionis
327 564 364 588 esse
378 550 536 599 impedimentum.
553 549 626 585 Victum
641 546 707 585 habens
721 558 805 593 tenuem,

74 619 91 647 et
103 610 157 648 vilem
170 611 250 659 corporis
263 612 348 648 amictum
362 623 402 647 cum
412 624 445 648 suo
454 610 535 648 Domino
545 618 639 646 contentus
653 617 684 651 est,
695 608 725 657 qui
739 620 806 657 pauper
852 617 856 623 ·

74 669 129 706 factus
143 682 175 717 pro
189 669 241 707 nohis
254 669 315 707 beatos
328 668 413 707 iustitiam
428 669 516 718 praedixit
530 670 633 705 esurientes.
647 668 715 713 Foelix‚
727 668 806 717 inquam,

73 728 102 766 ille
115 729 220 773 monachus,
235 730 265 778 qui
278 729 336 766 dicere
350 730 435 772 veraciter
449 742 489 765 curn
503 738 564 766 sancto
577 738 656 776 martyre
666 728 733 765 Christi
745 726 806 764 Theo-

73 788 130 837 phoro
147 798 211 837 potest.
232 789 289 826 Amor
303 802 352 826 meus
369 788 462 825 crucifixus
477 798 513 831 est,
527 798 544 824 et
561 788 601 825 ideo
615 800 720 824 cormeum
738 786 805 823 nullam

74 849 125 885 huius
142 848 206 885 mundi
223 849 286 896 recipit
300 847 447 885 consolationem.
465 848 486 884 Et
499 847 543 884 illud
556 847 674 895 Christophili
687 846 745 884 Pauli.
760 846 806 883 Mihi

74 909 150 946 mundus
161 907 255 945 crucifixus
265 917 296 951 est,
306 918 323 944 et
332 921 365 957 ego
374 907 449 944 mundo.
458 908 513 944 Nunc
520 919 569 955 ergo,
578 906 640 944 fratres
652 907 688 943 mei
698 906 804 949 charissimi,

74 967 132 1004 audite
146 966 240 1005 considium
255 979 320 1010 meum,
330 976 347 1003 et
360 979 391 1015 per
404 966 465 1015 iugem
478 966 585 1003 Dominicae
599 967 684 1014 passionis
698 967 805 1003 memoriam

74 1027 177 1064 inchoatum
186 1026 294 1064 sanctificate
304 1027 395 1063 ieiunium.
403 1026 449 1062 Dico
457 1027 504 1062 enirn
512 1024 568 1069 vobis,
574 1026 627 1074 quod,
635 1027 681 1062 iuter
689 1027 750 1063 omnia
757 1038 805 1062 exer-

73 1087 113 1123 citia
123 1086 259 1131 monachorum,
267 1086 336 1123 nullum
345 1095 404 1136 potest
412 1099 450 1122 esse
459 1086 543 1128 sanctius,
550 1084 619 1122 nullum
627 1085 666 1123 Deo
674 1085 805 1133 acceptabilius,

73 1146 141 1183 nullum
154 1145 206 1183 vobis
220 1144 313 1192 salubrius
323 1157 377 1195 quam
389 1145 439 1192 illud,
449 1146 497 1194 quod
511 1146 529 1182 in
543 1143 658 1182 meditatione
671 1146 759 1193 passionis
769 1145 806 1182 Do-

73 1206 117 1242 mini
130 1205 187 1242 nostri
200 1205 240 1243 lesu
250 1204 317 1241 Christi
325 1204 428 1254 quotidiana
441 1203 534 1241 sedulitate
549 1216 589 1241 curn
602 1205 666 1241 interni
679 1205 746 1241 amoris
756 1198 808 1240 corn-¹

74 1264 169 1313 punctione
185 1265 299 1313 practicatur.
318 1264 358 1301 Hoc
372 1264 418 1300 eninr
432 1262 514 1300 salutaris
528 1264 614 1311 passionis
628 1264 733 1300 exercitium
746 1261 805 1300 subito

73 1324 95 1362 de
107 1333 200 1373 peccatore
214 1322 257 1361 facit
269 1324 400 1371 poenitentem,
415 1322 436 1369 de
450 1321 511 1372 tepido
525 1331 542 1359 et
555 1322 613 1369 arido,
627 1323 703 1360 mirabili
718 1335 805 1371 compun-

73 1384 131 1421 ctione
144 1383 240 1427 devotum,
257 1382 278 1420 de
291 1383 347 1432 impio
360 1383 432 1420 iustum.
452 1382 587 1420 Multitudinem
604 1393 719 1432 peccatorum
738 1384 806 1432 operir3

72 1443 117 1480 vlres
131 1444 201 1492 spiritui
215 1454 275 1480 contra
289 1443 384 1480 daemones
397 1441 468 1489 tribuit3
481 1443 530 1480 vitiis
543 1444 610 1480 cunctis
623 1443 652 1480 dat
665 1445 773 1489 terminum;
788 1453 805 1479 et

73 1504 137 1539 sanctis
151 1503 220 1539 animae
229 1502 324 1539 virtutibus
335 1502 413 1548 validum
423 1502 492 1539 confert
501 1502 637 1540 incrementum.
651 1503 757 1540 Dominicae
767 1516 805 1551 pas-

73 1562 128 1599 sionis
142 1563 206 1599 devote
227 1562 329 1600 continuata
346 1563 434 1599 memoria
452 1563 580 1600 conscientiam
595 1562 697 1600 meditantis
711 1562 804 1611 purificat,

73 1621 182 1659 intellectum
200 1622 218 1658 in
229 1623 286 1671 ¹omui
305 1622 407 1671 cognitione
425 1623 505 1660 veritatis
525 1622 621 1667 illuminat,
640 1623 723 1660 affectum
739 1623 757 1660 iu
770 1623 804 1659 Dei

73 1694 133 1718 amore
143 1682 220 1719 suaviter
229 1682 333 1719 inflammat.
342 1682 431 1719 Passionis
441 1682 507 1719 Christi
517 1683 581 1719 devota
590 1682 683 1720 meditatio
692 1682 735 1719 facit
744 1683 805 1720 omnia

73 1739 125 1777 huius
138 1740 200 1777 muudi
217 1739 348 1777 oblectamenta
365 1749 491 1786 contemnere,
505 1752 522 1777 er
537 1741 585 1778 nulla
603 1741 733 1790 quantumlibet
751 1740 806 1785 dura,

72 1799 100 1835 vel
113 1800 201 1836 contraria
215 1798 316 1836 formidare.
329 1798 429 1836 Libidinem
443 1801 561 1837 exterminat:
575 1799 663 1837 luxuriam
677 1810 714 1837 tam
728 1801 804 1846 mentis,

73 1872 125 1908 quam
135 1860 215 1909 corporis
225 1859 304 1896 edomat:
315 1858 398 1896 invidiam
407 1858 467 1908 fugat:
476 1859 536 1909 gulam
546 1859 629 1897 refrenat:
644 1860 736 1897 avaritiam
746 1859 803 1904 sedat;

72 1918 146 1954 acidiam
160 1918 267 1964 inflammat;
277 1918 321 1955 iram
330 1918 409 1967 mitigat3
418 1917 519 1966 superbiam
531 1919 615 1956 radicitus
628 1920 709 1967 extirpat.
724 1919 804 1956 Mentem

72 1977 145 2026 insuper
157 1977 241 2021 hominis,
256 1990 309 2027 quam
322 1978 380 2027 passio
394 1976 461 2014 Christi
474 1978 560 2015 veraciter
573 1989 652 2027 occupat,
666 1978 714 2015 nulla
728 1980 753 2015 rei
768 1992 804 2015 car-

72 2034 116 2072 nalis
129 2037 188 2084 passio
202 2036 270 2085 fatigat.
288 2037 305 2074 O
319 2049 372 2086 quarn
386 2037 463 2074 suaviter
477 2036 531 2081 arder,
545 2050 599 2086 quem
613 2038 700 2087 passionis
714 2038 753 2074 lesu
768 2051 804 2074 me-

72 2095 129 2131 moria
139 2094 214 2132 dulciter
223 2094 350 2133 inflammavit:
365 2106 382 2133 et
391 2108 444 2145 quam
452 2094 529 2141 feliciter
539 2109 589 2133 meus
602 2106 675 2140 aestuat,
686 2109 731 2146 quae
740 2097 804 2133 mortis

73 2153 139 2191 Christi
154 2155 215 2203 iugem
228 2154 341 2203 amplectitur
354 2156 495 2193 meditationem.
514 2155 532 2193 O
546 2155 591 2193 bone
604 2157 643 2193 lesu
657 2169 707 2193 amor
721 2155 804 2192 crucifixe

73 2226 128 2258 meus,
140 2215 170 2263 qui
183 2214 236 2258 salus,
247 2224 264 2251 et
273 2215 351 2252 salvator
363 2214 443 2252 fidelium
453 2229 471 2252 es
481 2216 586 2258 animarum,
601 2215 622 2252 da
635 2214 685 2253 nobis
700 2216 803 2252 continuam

72 2273 159 2321 passionis
173 2283 214 2310 tuae
227 2275 332 2311 memoriam
346 2287 404 2324 agere,
418 2274 496 2312 concede
509 2274 581 2311 famulis
593 2275 628 2310 tuis
642 2274 725 2311 inchoata
738 2274 804 2311 ieiunia

73 2332 123 2369 bonis
136 2346 207 2382 semper
220 2332 304 2382 operibus
318 2333 450 2383 commendare,
465 2334 506 2382 quia
519 2343 562 2370 tunc
575 2332 679 2370 abstinentia
691 2342 753 2371 nostra
766 2346 803 2369 ma-

73 2392 131 2429 iestati
146 2403 187 2430 tuae
200 2392 379 2443 incircumscriptibili
393 2394 426 2430 erit
439 2394 551 2442 gratissima,
566 2406 606 2430 cum
619 2394 710 2442 sanguinis
724 2394 750 2429 tui
765 2390 803 2441 pre-

73 2451 116 2488 ciosi
131 2451 184 2489 fuerit
198 2453 313 2490 meditatione
327 2453 414 2499 decorata,
427 2454 458 2502 qui
471 2453 523 2497 vivis,
537 2463 555 2489 et
568 2466 630 2502 regnas
644 2466 684 2489 cum
697 2454 737 2489 Deo
751 2453 803 2489 Patre

72 2511 90 2547 in
103 2511 170 2549 unitate
183 2512 260 2560 Spiritus
274 2513 335 2558 sancti,
348 2513 402 2558 Deus,
416 2525 447 2561 per
460 2513 521 2549 omnia
535 2512 593 2549 secula
606 2513 714 2550 seculorum.
