1968 3023
160 235 182 272 14
373 224 399 262 De
409 223 484 273 proserta
497 224 566 261 militiae
577 225 676 274 spiriritalis,

158 314 231 348 venero,
243 302 288 339 nibil
301 301 377 350 dubites,
389 301 477 341 Indicabo.
490 304 509 341 Si
522 313 582 341 auteur
595 304 614 342 in
627 313 689 342 sancto
698 306 791 354 proposito
801 319 859 356 usque
872 305 893 343 ad

158 367 235 399 mortem
247 360 323 399 fideliter
336 363 485 411 perseveraveris,
499 364 515 400 si
528 362 646 411 voluntatem,
660 377 713 413 quam
727 364 772 402 mihi
786 365 891 403 consecrasti

158 421 269 465 solemniter,
283 421 315 459 suh
329 432 416 471 potestate
430 423 497 459 Vicarii
515 423 560 468 mei,
578 436 632 472 quern
645 422 677 461 tibi
695 425 780 462 constitui
796 435 892 474 pastorem,

158 481 261 518 inuiolatam
275 481 385 528 custodieris,
398 482 413 518 si
426 480 553 528 obedientiam,
567 491 695 531 paupertatem,
710 492 727 520 et
740 484 839 521 castitatem
853 497 893 521 cuna

158 541 259 578 humilitate
272 554 305 590 pro
318 554 380 579 amore
392 541 470 579 nominis
483 542 519 578 tnei
527 555 583 592 usque
594 543 613 579 in
622 541 676 580 finem
686 541 814 589 observaveris,
824 545 838 581 si
848 543 894 581 mihi

159 600 193 637 soli
207 600 317 649 complacere
330 600 348 637 in
361 599 443 637 omnibus
452 599 553 638 actionibus
562 602 598 638 tuis
607 614 678 650 semper
691 601 786 649 studueris,
796 603 811 640 si
822 615 858 640 nie.
862 614 893 651 per

159 660 235 697 arduum
247 660 281 697 iter
294 661 382 697 virtutum
394 660 432 696 sine
444 660 578 698 intermissione
591 662 642 710 sequi
654 662 750 709 curaveris,
759 663 816 699 sciens
824 661 893 699 indubi-

159 729 218 757 tanter
230 720 328 757 certissime
340 720 393 766 scito,
407 721 500 769 quoniam,
513 730 533 756 ut
546 722 624 758 anticum
638 734 659 759 ex
672 734 726 759 servo
741 731 758 759 te
774 722 840 760 factum
853 723 893 760 cha·

159 780 260 824 rissimum,
274 790 291 816 te
304 778 371 817 habebo
383 779 462 834 ¹militem
478 793 550 817 mecum
567 781 584 818 iu
602 794 657 830 regno
675 794 717 819 meo
735 782 862 827 coronandum,
876 793 894 819 te

159 837 228 886 attraho,
242 849 258 876 te
272 838 349 888 diligam,
362 848 380 877 te
392 839 411 876 in
423 839 484 876 medio
497 839 603 878 Sanctorum
617 853 699 879 aneorum
712 842 731 879 in
746 852 838 879 aeteruum
852 855 893 880 con·

160 900 232 936 stituatn
241 899 345 949 gloriosum.
354 899 401 937 Audi
409 913 440 936 me
448 912 495 937 nunc
508 913 560 938 serve
573 914 632 939 niens:
643 902 672 950 qui
682 911 755 951 propter
767 902 845 939 nominis
858 901 894 939 mei

160 961 283 1004 reverentiam,
297 970 314 997 et
326 961 414 997 honorem
427 970 444 997 te
457 959 531 998 militine
544 961 650 1010 inscripsisti
663 961 798 1007 Monachorum,
808 970 825 999 et
841 962 893 999 corde
931 963 933 965 ’

161 1033 232 1069 magno,
241 1030 294 1069 atque
304 1018 383 1068 perfecto
393 1032 467 1069 sequere
476 1020 552 1069 vestigia
560 1019 626 1069 pedum
636 1033 724 1067 meorum,
731 1022 777 1058 sicut
790 1031 894 1070 praeceptor

160 1079 190 1117 ille
202 1090 244 1116 tuus
257 1078 347 1128 quondam
360 1079 465 1116 Benedictus
478 1080 545 1116 amicus
555 1093 606 1117 meus
616 1089 633 1116 te
643 1080 710 1126 docuit,
719 1090 736 1118 et
745 1082 788 1119 totis
802 1080 894 1118 conatibus

160 1138 239 1176 imitatus
252 1139 290 1176 fuit.
303 1138 345 1176 Non
357 1148 375 1175 te
388 1137 477 1187 decipiant
490 1137 584 1175 illecebrae
598 1140 665 1183 carnis,
674 1139 692 1177 O
702 1149 773 1176 strenue
786 1139 844 1177 miles:
858 1152 894 1177 non

160 1198 245 1236 seducant
257 1199 337 1235 animum
350 1206 401 1234 tuum
414 1197 459 1234 mihi
473 1196 557 1243 dicatum,
570 1211 621 1243 vana,
636 1208 652 1235 et
666 1197 766 1247 perniciosa
779 1198 831 1235 huius
845 1211 893 1235 corn-
909 1241 910 1244 Ἴ

160 1259 225 1295 mercia
238 1257 418 1306 rnnndi:nu1nquam
432 1257 484 1294 cedas
497 1257 585 1294 immundi
598 1257 670 1306 spiritus
683 1258 759 1295 ariminen
773 1257 840 1295 dolosis
853 1270 894 1307 sug-

160 1316 277 1367 gestionibus,
290 1317 321 1366 qui
333 1326 381 1353 totus
395 1317 413 1352 iu
425 1316 452 1353 tui
463 1317 560 1365 perniciem
569 1315 692 1360 debacchatur,
702 1317 733 1354 sed
742 1326 834 1354 memento
843 1327 894 1354 tuum

160 1377 179 1413 in
191 1376 226 1413 hoc
240 1375 300 1413 seculo
313 1375 440 1412 brevissimum
451 1388 490 1412 esse
499 1375 602 1419 incolatum,
613 1384 630 1413 et
638 1385 679 1413 ante
688 1375 735 1413 fores
745 1386 823 1413 mortem
832 1386 893 1419 astare,

160 1448 214 1486 quarn
227 1434 348 1484 subterfugere
361 1447 415 1471 uerno
429 1447 514 1483 umquam
524 1434 583 1483 potuit
592 1433 702 1472 mortalium.
711 1434 784 1483 Semper
794 1436 812 1471 in
825 1447 893 1472 merno-

160 1497 185 1532 ria
198 1496 295 1532 consistant
308 1505 338 1532 tua
350 1494 384 1539 illa,
394 1508 439 1544 quae
452 1496 553 1533 necessario
562 1494 634 1540 subibis,
644 1496 747 1540 novissima,
757 1504 774 1533 et
787 1508 809 1532 en
819 1495 894 1532 velocis-

160 1556 206 1592 simo
219 1555 293 1591 transitu
307 1566 368 1591 earnm
380 1554 493 1603 voluptatum
507 1555 569 1599 caruis,
583 1568 628 1604 quae
642 1555 779 1603 praeterierunt:
797 1565 814 1591 et
826 1554 894 1591 futura-

160 1626 200 1651 rum
213 1625 311 1661 poenarum
325 1614 438 1662 cogitatione,
451 1613 503 1650 huius
516 1613 604 1650 incolatus
617 1612 712 1650 horrorem
726 1611 758 1649 tibi
774 1613 893 1650 necessarium

159 1675 275 1720 assumito,et
282 1682 411 1722 contemptum.
419 1672 579 1717 Quemadmodum
589 1685 622 1722 pro
631 1685 661 1710 me
670 1671 720 1709 labor
729 1671 787 1709 brevis
797 1673 815 1710 in
824 1671 892 1709 inundo

160 1724 230 1771 habitus
243 1746 284 1770 cum
298 1733 386 1781 patientia,
396 1743 413 1775 et
426 1732 517 1779 charitate,
525 1733 641 1770 foelicitatem
654 1732 742 1770 militibus
751 1734 795 1770 meis
804 1743 893 1770 aeternam

159 1802 257 1842 praeparat,
270 1793 294 1830 ita
307 1793 364 1830 carnis
377 1792 470 1837 desideria,
483 1802 501 1829 et
513 1793 619 1842 voluptates,
629 1806 674 1842 quae
684 1791 743 1829 subito
752 1801 848 1836 transeunt,
857 1792 894 1829 ani-

159 1865 208 1890 mam
221 1852 299 1890 hominis
313 1852 409 1899 peccatoris
426 1851 448 1889 ad
460 1850 527 1889 inferos
545 1851 652 1900 demergunt
669 1852 707 1888 sine
723 1850 759 1888 fine
776 1849 893 1888 cruciandam.

160 1910 189 1949 Ad
202 1924 230 1948 rne
244 1911 298 1959 igitur
311 1913 346 1948 sint
360 1911 420 1948 onmia
434 1910 520 1948 desideria
534 1919 569 1954 tua,
583 1910 681 1956 Monache,
696 1909 732 1961 qui
741 1909 785 1946 mihi
798 1909 894 1955 ministras,

131 2002 133 2006 .
159 1981 183 2016 et,
198 1971 227 2019 qni
241 1982 272 2018 per
285 1969 359 2007 arduum
373 1971 406 2007 iter
415 1969 539 2007 observantiae
548 1969 634 2019 regularis
643 1982 673 2006 me
682 1969 768 2018 sequeris,
777 1967 841 2017 praebe
850 1968 894 2005 mihi
927 1993 929 1996 .

66 2569 140 2603 increpatio

34 2624 36 2627 Α
53 2603 69 2629 ad
89 2603 140 2630 inutiles

53 2638 131 2665 nronachos.
138 2651 139 2654 ¹

160 2043 190 2068 cor
203 2039 262 2075 tuum,
276 2030 291 2066 si
304 2028 419 2066 foelicitatem
433 2029 531 2067 desideras:
547 2042 576 2066 ane
593 2028 652 2066 solum
671 2028 757 2077 quaerito,
775 2029 790 2064 si
802 2027 864 2074 vitain,
877 2036 894 2065 et
945 2036 947 2039 ’

159 2089 235 2127 salutern
248 2089 339 2137 propriam
352 2101 406 2126 atnaS.
420 2088 450 2125 Me
464 2100 505 2124 cum
518 2088 610 2132 amaveris,
620 2086 731 2135 tranquillus,
741 2095 758 2123 et
771 2095 841 2123 sauctus
855 2086 894 2130 eris,

160 2162 202 2186 cum
215 2158 285 2185 secutus
298 2147 359 2192 fueris,
373 2146 434 2185 beatus
447 2161 471 2191 es,
485 2157 502 2184 et
515 2148 553 2183 sine
567 2146 602 2183 fine
615 2146 711 2194 gloriosus.
721 2145 771 2189 Quid
783 2144 845 2181 fratres
859 2145 895 2182 mei

159 2207 245 2252 faceretis,
259 2208 274 2244 si
287 2219 319 2244 vos
333 2207 445 2255 contingeret
458 2207 502 2244 haec
515 2205 575 2251 verba,
589 2218 634 2254 quae
648 2204 725 2242 diximus
738 2217 777 2248 nos,
787 2217 808 2241 ex
819 2216 850 2241 ore
859 2204 895 2241 Sal·

159 2267 232 2313 vatoris,
245 2277 262 2303 et
275 2266 322 2314 regis
335 2266 391 2303 nostri
400 2265 461 2304 audire
471 2265 574 2315 loquentis?
583 2264 638 2308 Quid,
648 2265 728 2313 inquam,
739 2264 826 2312 ageretis?
836 2263 894 2301 Credo

160 2336 207 2364 certe
221 2338 304 2375 magnam
317 2326 336 2362 in
349 2324 430 2363 cordibus
439 2327 504 2362 vestris
514 2325 672 2373 compunctionem
685 2322 770 2366 futuram,
780 2323 795 2359 si
803 2322 894 2360 Christum

160 2385 275 2435 personaliter
284 2384 368 2422 audiretis
377 2384 488 2434 loquentem.
498 2385 537 2421 Nos
546 2393 605 2421 autern
614 2383 673 2419 vicem
683 2381 751 2420 Christi
760 2382 777 2418 in
784 2382 894 2418 Monasterio

160 2453 248 2492 gerentes,
262 2443 352 2492 loquimur
365 2455 463 2490 sermones,
473 2456 518 2491 quos
532 2442 561 2479 ille
576 2441 655 2487 donavit,
665 2450 682 2477 et
692 2452 728 2478 non
741 2439 844 2476 attenditis?
853 2452 895 2477 con-
945 2476 946 2479 ,

160 2512 246 2539 testamur
258 2501 310 2539 vobis
323 2503 443 2553 necessariam
454 2502 517 2539 salutis
530 2501 642 2550 palaestram,
657 2509 674 2537 et
687 2500 737 2549 signa
751 2499 895 2548 compunctionis

160 2561 207 2598 nulla
221 2560 318 2598 exhibetis?
332 2561 381 2605 Quid
395 2574 458 2598 causae
472 2560 533 2606 fuerit,
548 2571 567 2597 ut
584 2560 617 2596 ista
630 2559 718 2603 dicerent,
737 2559 752 2595 si
768 2559 846 2602 nescitis
860 2559 895 2595 iarn

161 2632 229 2670 precor,
242 2620 341 2669 intelligite.
355 2618 412 2657 Video
426 2620 513 2668 quosdam
530 2633 539 2656 e
552 2618 603 2656 vobis
616 2630 674 2655 sacras
692 2616 786 2655 abhorrere
804 2616 894 2661 lectiones,

160 2677 266 2716 vanitatibus
276 2677 349 2722 deditos,
359 2687 376 2715 et
385 2677 430 2714 nihil
443 2678 503 2714 minus
517 2690 584 2723 curare,
594 2689 648 2726 quam
661 2676 758 2725 spiritualis
769 2675 843 2712 militiae
857 2688 895 2724 per-

113 2728 129 2740 *
150 2734 263 2786 fertionem,
278 2750 355 2788 quorum
368 2737 417 2775 Deus
426 2735 488 2775 venter
502 2747 534 2781 est,
546 2747 563 2774 et
572 2736 629 2786 gloria
638 2737 657 2773 in
666 2735 776 2773 confusione,
785 2734 895 2772 Enisthnatis
