1968 3023
369 170 444 207 Humilia
458 169 515 206 XVII.
777 179 808 205 121

75 249 93 286 Si
107 252 172 287 terreni
184 252 230 300 regis
239 250 309 296 illusor,
319 261 371 300 atque
386 260 499 298 contemptor
508 250 631 298 amputatione
646 250 707 298 capitis
717 249 808 297 plectitur,

77 308 171 345 caelestem
188 320 304 347 contemnens
323 311 451 359 imperatorem
465 308 507 358 quid
521 309 611 346 meretur?
629 308 671 352 Quo
686 309 730 345 circa
744 321 809 346 oroneo

76 380 119 413 voa,
134 368 204 415 fratres,
218 380 235 406 et
249 379 313 418 quanta
328 382 402 418 possum
416 370 526 414 sinceritate,
541 380 596 417 rogo,
612 378 698 416 quatenus
713 368 809 417 purificetis

77 427 129 464 corda
137 438 195 465 vestra
204 430 281 465 maxime
291 428 308 465 in
318 439 400 477 ternpore
410 429 494 465 orationis
504 440 513 463 a
523 428 637 476 cogitationis
650 427 721 476 iniquae
736 426 809 472 macula,

75 497 95 523 ut
108 486 142 523 hoc
154 488 213 524 solum
228 488 322 525 revolvatis
333 489 350 525 in
360 489 427 533 arriano,
437 487 484 536 quod
499 488 558 524 inore
572 486 675 523 decantatis.
689 486 738 522 Sicut
752 485 809 535 angeli

77 559 117 582 cum
127 547 197 593 timore,
207 557 223 584 et
232 561 302 585 summa
314 549 413 585 reverentia
425 549 463 584 Deo
473 559 544 596 semper
553 548 645 591 assistunt,
656 546 743 594 hymnum
753 545 809 581 laudis

77 616 181 654 perpetuum
196 606 319 653 decantantes,
334 609 357 644 ita
371 620 459 651 curemus,
473 618 490 644 et
503 620 535 644 nos
549 606 611 643 fratres
626 607 672 651 mei,
687 618 732 654 puro
748 604 809 648 corde,

75 667 184 703 conscientia
198 666 268 712 tnuradn,
282 676 299 703 et
313 667 444 703 ferventissima
458 666 483 704 illi
497 666 594 704 devotione
608 666 698 711 assistere,
712 675 738 712 ut,
752 663 809 701 multo

76 725 132 773 magis
146 726 216 773 spiritu,
227 739 280 774 quam
290 739 370 774 corpore,
381 726 441 763 laudes
451 727 467 762 ei
477 728 566 775 possimus
578 726 677 763 decantare.
689 725 809 773 Segregemus

76 797 119 833 ergo
133 794 201 823 mentes
210 795 279 823 nostras
290 785 311 822 ab
320 786 404 823 omnibus
417 788 496 835 negociis
506 787 589 823 terrenis:
605 798 703 835 purgemus
718 785 809 822 conscien-

76 845 108 881 tias
122 854 190 882 nostras
204 857 213 880 a
227 846 293 882 cunctis
307 844 394 882 illecebris
408 846 472 882 carnis:
488 846 581 882 induamus
596 845 684 882 fervorem
703 844 759 881 sancti
773 844 808 892 spi-

76 905 126 950 ritus,
136 914 153 941 et
163 916 234 941 omnem
248 903 319 942 anobis
331 894 429 953 pigritiam,
440 915 457 940 et
471 905 557 953 ignaviam
572 905 625 952 longe
640 903 752 953 repellamus.
761 904 808 940 Nam

75 964 120 1000 sicut
134 976 179 1001 onus
195 977 249 1012 grave
264 964 338 1001 dorsum
357 964 435 1016 hominis
452 963 524 1000 acidiosi
541 963 633 1012 deprimit,
649 964 672 1000 ita
688 962 808 999 somnolentia

75 1032 156 1072 tempore
170 1023 278 1073 psalmodiae
291 1023 422 1061 monachorum
437 1032 504 1059 mentes
522 1024 623 1072 opprimere
642 1024 741 1059 consuevit.
758 1021 807 1059 Nihil

75 1082 114 1131 plus
127 1093 180 1120 nocet
193 1083 291 1127 monachis,
302 1095 355 1131 quarn
369 1082 430 1126 acidia,
440 1095 485 1131 quae
498 1081 588 1130 paullatim
603 1091 675 1118 enervat
686 1094 748 1118 omnes
761 1082 808 1118 vires

75 1143 145 1186 mentis,
159 1152 252 1192 totumque
265 1141 356 1179 fervorem
370 1142 443 1190 spiritus
456 1141 549 1191 extinguit.
564 1143 606 1178 Mox
621 1141 668 1178 enim
680 1151 699 1177 ut
709 1141 807 1177 monachus

75 1199 164 1238 alervore
177 1211 247 1238 sanctae
260 1201 443 1250 devotionis,ceperit
457 1200 536 1245 deficere,
550 1210 630 1238 mentem
644 1200 744 1238 subintrant
757 1201 807 1237 innu-

75 1273 134 1297 merae
155 1262 272 1310 cogitationes
292 1261 360 1305 malae,
378 1273 421 1310 quas
440 1269 490 1298 tanto
509 1261 568 1297 minus
581 1264 617 1297 iam
632 1269 691 1310 potest
711 1259 806 1308 repellere,

22 1314 24 1323 ’
75 1329 142 1368 quanto
155 1319 226 1369 longius
239 1333 248 1356 a
262 1320 333 1357 fervore
346 1320 422 1367 pristino
436 1321 547 1357 convincitur
560 1321 661 1357 recessisse.
675 1319 721 1356 Hinc
734 1332 807 1356 somno-

75 1379 129 1416 lentia
141 1379 159 1416 in
172 1379 273 1417 divinorum
288 1379 398 1417 exhibitione
413 1378 539 1428 obsequiorum
553 1380 620 1423 oritur,
634 1392 685 1416 mens
699 1379 776 1422 tristitia,
790 1388 807 1415 et

75 1438 192 1475 melancholia
208 1439 283 1475 nimium
297 1448 387 1487 gravatur,
400 1452 453 1487 quam
466 1439 564 1476 monachus
577 1449 670 1487 tepescens
684 1439 755 1484 animo,
770 1450 805 1475 non

75 1496 204 1547 spiritualibus,
218 1498 248 1535 sed
266 1500 352 1543 terrenis,
367 1510 419 1547 atque
436 1497 533 1535 carnalibus
551 1497 709 1535 consolatiunculis
729 1498 807 1535 relevare

74 1557 124 1593 omni
137 1556 197 1594 studio
210 1557 313 1594 meditatur.
329 1557 411 1606 Cumque
424 1557 490 1594 diutius
500 1558 517 1593 in
526 1558 558 1594 hac
567 1558 674 1594 alienatione
689 1558 753 1594 mentis
766 1570 807 1606 pro-

74 1615 159 1664 greditur,
169 1615 190 1652 ad
200 1617 343 1664 compunctionis
358 1617 461 1653 exercitium
472 1617 507 1653 iam
520 1617 568 1665 quasi
582 1615 689 1654 insensibilis
703 1615 806 1662 obduratur,

74 1685 91 1711 et
100 1685 166 1723 quanto
175 1674 328 1713 consolationibus
342 1677 399 1713 camis
413 1676 473 1719 inhiat,
483 1685 533 1713 tanto
542 1676 613 1725 longius
623 1675 644 1712 ab
654 1677 724 1712 interno
738 1674 807 1713 fervore

74 1735 146 1782 spiritus
164 1734 237 1773 aberrat.
255 1734 304 1779 Quid
318 1738 366 1772 enim
380 1749 412 1772 vos
427 1736 444 1771 in
457 1745 538 1783 tempore
551 1735 662 1783 psalmodiae
676 1735 717 1771 facit
734 1747 807 1772 somno-

73 1793 137 1838 lentos,
147 1795 181 1831 nisi
194 1794 262 1831 acidia?
276 1795 360 1844 quoniam
375 1807 431 1838 mens,
442 1808 485 1843 quae
498 1804 589 1844 torporem
604 1794 671 1838 incidit,
686 1808 729 1831 mox
742 1807 807 1843 corpus

73 1853 170 1895 dormitare
183 1853 229 1890 lacit.
243 1853 277 1890 Sed
290 1854 355 1890 iterum
369 1867 402 1890 vos
416 1866 488 1899 moneo,
503 1853 573 1900 fratres,
588 1863 607 1889 ut
621 1853 699 1890 crebrius
713 1854 806 1898 consuevi,

73 1923 160 1962 quatenus
170 1914 266 1962 ignaviam,
276 1923 293 1950 et
302 1913 442 1951 somnolentiam
451 1925 532 1962 tempore
541 1915 627 1951 orationis
641 1914 718 1951 maxime
728 1913 806 1963 fugiatis

73 1973 158 2022 quoniam
176 1974 220 2010 sicut
238 1972 314 2010 ebrietas
332 1972 440 2010 oblivionem
456 1974 523 2010 inducit
537 1975 606 2017 animo,
620 1974 645 2010 sic
659 1974 712 2010 etiam
731 1986 804 2010 somno-

72 2031 127 2068 lentia
145 2043 223 2069 mentem
237 2033 322 2077 insanam,
337 2042 354 2069 et
367 2032 434 2070 fatuam
448 2032 501 2070 efficit
514 2046 574 2071 coram
589 2034 634 2070 Deo.
648 2034 715 2070 Cavete
728 2033 763 2070 hoc
776 2045 805 2069 so-

73 2091 182 2128 mnolentiae
196 2092 260 2129 vitium
274 2105 284 2129 o
298 2105 330 2129 vos
347 2093 427 2136 iuvenes,
442 2106 476 2141 quo
493 2106 513 2129 ex
528 2092 628 2130 senioribus
647 2092 734 2141 quosdam
751 2092 804 2141 longa

72 2151 108 2187 iam
122 2151 249 2189 consuetudine
263 2152 345 2189 dolemus
359 2153 441 2198 inlectos,
450 2152 512 2201 quibus
521 2154 539 2189 in
549 2152 604 2189 choro
618 2151 711 2189 familiaris
725 2161 751 2188 est
764 2152 805 2188 clor-

72 2210 150 2256 mitatio,
164 2221 181 2247 et
195 2212 247 2248 nimis
260 2224 299 2248 rara
314 2212 378 2248 mentis
392 2211 413 2247 ad
427 2213 484 2248 Deum
499 2212 619 2259 compunctio.
637 2212 708 2256 Cavete,
722 2212 803 2259 inquam,

72 2268 117 2305 hanc
136 2269 201 2306 malam
221 2269 321 2307 dormiendi
341 2270 497 2314 consuetudinem,
513 2283 564 2319 quae,
581 2280 677 2319 postquam
696 2269 804 2307 monachum

72 2328 128 2365 semel
142 2330 229 2378 captivum
243 2328 341 2373 abduxerit,
350 2342 391 2367 raro
404 2329 478 2367 liberum
489 2331 581 2377 permittit.
595 2330 691 2378 Propterea
701 2331 718 2366 in
728 2331 804 2367 exordio

73 2387 194 2424 conversionis
212 2389 289 2426 manime
302 2387 396 2425 iuvenibus
415 2398 475 2425 contra
488 2388 534 2425 hunc
548 2388 720 2437 perniciosissimum
734 2389 805 2426 hostem

71 2446 162 2496 religionis
177 2447 292 2496 pugnandum
306 2458 337 2492 est,
352 2448 398 2484 sicut
412 2447 483 2497 quidam
497 2448 514 2484 in
529 2449 606 2485 carmine
620 2448 674 2485 dixit:

241 2547 315 2586 Principiis
326 2548 374 2576 obsta:
386 2556 418 2576 sero
430 2546 500 2576 medicina
510 2554 572 2586 paratur,

271 2597 310 2626 Cum
321 2596 359 2625 mala
370 2606 395 2635 per
405 2596 455 2634 longas
466 2596 538 2626 invaluere
549 2606 602 2626 moras.

241 2645 269 2674 Serl
281 2655 347 2685 propera,
358 2655 385 2675 nec
396 2651 409 2675 te
421 2653 488 2675 venturas
499 2646 538 2676 differ
549 2647 563 2675 in
574 2648 622 2682 horas,

271 2695 301 2730 Qui
312 2705 342 2724 non
353 2702 375 2724 est
385 2695 432 2731 hodie,
443 2705 473 2725 cras
484 2696 532 2726 minus
543 2703 584 2736 aptus
595 2697 625 2727 urit.

844 1154 883 1179 Nulla
892 1162 915 1187 pe·

828 1194 850 1214 sris
869 1189 915 1214 exiria-

828 1223 852 1248 lior
870 1232 916 1249 mona-

827 1258 861 1289 clris,
876 1266 915 1293 quam

827 1293 893 1326 segnities.
