1968 3023
360 138 437 176 Humilia
451 138 499 175 XIX.
765 151 797 187 137

63 216 152 264 quotidie,
170 219 278 267 saepiusque.
291 217 312 254 ad
330 218 437 255 memoriam
453 217 565 253 revocaverit
582 217 711 254 amarissimam
730 217 797 255 Christi

63 275 221 324 lesu'passionem.
235 277 303 314 Multos
317 278 370 314 etiam
384 275 515 322 tribulationes,
529 276 649 322 adversitates,
658 287 676 313 et
685 277 796 315 infirmitates
817 318 833 337 ct
843 277 906 337 ‘lffizb

64 345 104 370 cum
117 346 224 385 paupertate,
238 336 266 374 vel
280 337 339 384 inopia
352 335 433 372 iecerunt
447 334 531 380 humiles,
546 335 576 384 qui
589 334 663 372 forsitan
674 336 692 373 in
701 336 796 385 prosperis,
818 353 842 387 aaa
861 346 920 373 innuat,

63 402 81 429 et
94 395 176 432 secundis
189 397 282 445 periissent
296 396 342 433 elati.
356 396 378 432 Et
391 394 442 432 nobis
457 393 571 440 confidimus,
586 394 634 444 quod
652 397 729 444 saepius*
740 395 797 432 dicere
818 381 859 407 lm*

63 452 147 501 solemus
160 455 181 492 ad
195 455 271 493 salutem
284 464 363 491 nostram
379 452 478 490 conducere
492 462 621 502 paupertatem,
633 454 674 491 dum
685 467 756 491 causam
766 454 797 491 hu-

62 513 142 551 militatis
156 515 241 553 habemus
255 528 343 564 magnam,
357 514 440 552 elationis
454 526 504 560 vero,
515 525 532 551 et
545 513 638 562 superbiae
652 516 744 552 materiam
758 515 796 551 nul-

61 572 97 609 lam
116 575 221 612 invenimus.
240 574 285 611 Aliis
305 575 389 611 continua
410 574 538 611 exercitatione
561 574 656 618 virtutum,
673 583 690 611 et
708 575 796 612 memoria
826 579 906 620 Munianu-

62 634 132 680 mortis‚
147 648 199 683 quam
213 635 262 671 brevi
275 635 377 672 necessario
390 643 432 670 sunt
449 635 524 682 passuri,
540 633 562 670 ad
579 646 662 683 magnam
676 633 796 672 humilitatem
817 622 863 639 mora.

62 685 189 740 pervenerunt
198 695 258 738 Quem
267 706 303 730 non
313 694 366 730 etiam
375 692 525 742 superbissimum
534 692 617 730 humiliet
627 694 695 731 intenta
704 693 796 731 meditatio

62 748 138 789 moitis?
151 754 187 790 Aut
201 753 240 803 quis
253 763 290 790 tam
304 752 354 790 ferox
368 753 434 799 animo,
448 754 478 802 qui
492 766 529 791 non
542 753 624 790 demittat
637 754 723 802 paulatim
737 763 796 791 tunio-

63 807 106 859 rem,
120 814 134 849 si
148 814 249 863 diligentins
264 815 369 863 cogitaverit
387 814 405 850 in
423 813 472 850 brevi
490 828 509 851 se
526 814 647 851 moriturum?
665 814 741 852 Proinde
754 827 796 852 con-

61 872 136 908 scientia
149 873 232 910 monachi
246 886 336 922 nunquam
351 872 402 910 debet
415 873 522 909 memoriam
543 886 552 909 a
571 886 590 909 se
605 874 669 910 mortis
683 872 753 910 futurae
767 873 796 910 de-

61 931 136 979 pellere,
155 942 241 982 quatenus
259 944 276 970 et
294 932 367 969 humilis
386 941 493 981 permaneat,
512 942 529 969 et
546 933 610 979 tristis;
628 943 647 969 ut
665 934 763 970 consistens
779 935 796 970 in
833 935 834 939 ’

61 990 162 1030 humilitate
176 1007 212 1030 raon
225 992 320 1041 superbiat,
334 1003 350 1029 et
364 1005 438 1030 moeror
452 993 546 1029 continuus
556 1005 629 1029 omnem
643 993 693 1030 cordi
706 993 796 1029 lasciviam

61 1051 160 1090 interdicat.
174 1053 275 1091 Nonnullos
293 1053 347 1090 etiam
360 1053 438 1101 gratuita
454 1053 488 1089 Dei
501 1052 594 1089 miseratio
608 1054 709 1101 praevenit,
725 1063 742 1089 et
758 1052 796 1102 Spi-
826 1065 905 1106 spiramu-

62 1111 106 1147 ritus
120 1112 174 1148 sancti
189 1110 318 1149 cohabitatione
332 1110 410 1147 humiles
424 1109 472 1147 iacit.
487 1111 559 1155 Omnis,
573 1112 603 1159 qui
617 1112 680 1160 spiritu
689 1112 723 1148 Dei
732 1112 796 1161 agitur,
817 1100 905 1161 paroman-

62 1169 162 1219 superbiam
176 1184 245 1208 summe
259 1170 359 1208 detestatur.
378 1170 416 1213 Qui
433 1170 513 1218 seipsum
532 1170 637 1207 inveritate
656 1171 755 1219 cognoscit,
770 1183 797 1207 sa-

61 1230 183 1277 pientissimus
196 1242 229 1275 est,
240 1241 257 1266 et
270 1243 306 1268 non
320 1227 379 1278 potest
392 1228 412 1265 ab
426 1229 533 1266 humilitatis
546 1229 683 1267 mansuetudine
696 1231 754 1267 facere
764 1229 797 1266 dis-

61 1302 136 1327 cessum.
155 1290 220 1328 Omnis
238 1292 296 1327 autem
315 1289 412 1338 superbu3‚
431 1300 448 1326 et
465 1302 550 1339 arrogans
569 1289 640 1338 ignarus
658 1299 695 1336 est,
715 1290 768 1327 etiam
782 1291 796 1327 si

62 1362 138 1397 magnus
152 1350 197 1386 inter
211 1349 306 1394 mortales,
323 1359 343 1385 et
358 1348 435 1396 inclytus
450 1348 537 1385 videatur.
551 1348 599 1384 Vera
616 1350 665 1385 enim
680 1349 797 1397 sapientiam
817 1355 855 1381 Prov-
866 1364 886 1381 11·

61 1407 153 1445 domicilio
166 1409 260 1458 requiescit
277 1417 346 1445 sanctae
364 1407 477 1451 humilitatis,
496 1417 513 1444 et
530 1408 568 1457 ipsa
586 1421 616 1456 pet
631 1408 726 1456 patientiae
741 1408 796 1445 docu-

61 1478 140 1504 mentum
155 1468 218 1505 clarior
232 1467 336 1504 ostenditur.
351 1468 376 1503 Ex
390 1467 492 1516 cognitione
506 1468 546 1513 Dei,
556 1476 577 1518 et
594 1468 690 1516 suiipsius
704 1467 795 1504 humilitas
822 1480 905 1520 'berengar-¹

61 1529 143 1572 nascitur,
158 1538 175 1564 et
188 1528 232 1565 haec
244 1541 285 1564 vera
298 1528 385 1576 sapientia
394 1528 459 1564 merito
468 1537 586 1576 nuncupatur.
595 1527 632 1571 Qui
641 1528 719 1577 seipsum
730 1540 795 1576 cogno·
815 1515 860 1583 1:23ss
861 1522 905 1576 'ffilu

60 1588 86 1623 vit
99 1589 190 1634 veraciter,
203 1589 237 1624 iam
252 1600 287 1624 non
301 1586 359 1631 habet,
374 1589 420 1624 unde
434 1585 529 1635 superbiat,
540 1586 625 1636 quoniam
638 1588 695 1624 sciens
710 1586 795 1624 vilitatem
815 1584 905 1653 ξὲἳξζξῗῇνΊῚΕΞ

60 1659 116 1692 suam,
130 1646 173 1683 nihil
186 1646 241 1683 altum
255 1647 327 1695 cogitat,
340 1646 371 1683 sed
385 1648 403 1683 in
416 1658 499 1682 moerore
513 1645 568 1682 animi
583 1647 652 1694 positus
662 1646 688 1683 ad·
696 1646 794 1684 Dominum
815 1653 886 1680 humilitas.

61 1705 131 1743 clamat:
146 1706 194 1750 Quid
208 1715 234 1743 est
247 1706 310 1753 horno,
325 1706 374 1755 quod
388 1718 458 1742 memor
472 1718 490 1742 es
504 1706 587 1749 eius-aut
600 1704 647 1742 filius
660 1706 745 1752 hominis,
755 1707 796 1755 qnia
816 1718 850 1745 esar.
860 1720 871 1745 n

60 1777 132 1814 reputas
148 1767 200 1803 eum?
213 1766 274 1804 Homo
288 1767 361 1803 vanitati
374 1765 437 1803 similis
452 1764 508 1803 factus
522 1776 555 1812 est,
571 1765 608 1803 dies
625 1767 662 1803 eius
675 1767 720 1804 sicut
734 1766 796 1803 umbra
816 1774 849 1801 Psal.
861 1784 889 1809 143·

60 1835 176 1874 praetereunt.
191 1825 239 1870 Quid
253 1819 296 1875 ergo
314 1825 394 1874 superbit
412 1835 464 1872 terra,
483 1836 499 1862 et
520 1826 575 1863 cinis?
592 1825 641 1869 Quid
659 1836 716 1864 tumet
734 1836 795 1863 contra
816 1832 865 1859 Eccles·
875 1841 895 1859 10.

60 1885 119 1921 Deum
132 1885 204 1934 spiritus
221 1884 299 1921 hominis
313 1884 380 1928 caduci,
398 1894 451 1933 atque
466 1885 556 1922 mortalis?
574 1885 699 1923 Humiliamini
716 1886 794 1934 igituro

60 1943 123 1981 fratres
137 1945 171 1981 mei
186 1944 292 1990 charissimi,
306 1945 352 1980 sicut
367 1944 454 1992 scripturn
473 1953 505 1987 est,
524 1944 556 1981 sub
570 1945 640 1993 potenti
653 1958 707 1982 manu
721 1945 761 1990 Dei,
776 1956 795 1981 ut

59 2015 92 2039 vos
105 2004 170 2040 exaltet
183 2005 201 2041 in
214 2014 294 2053 tempore
308 2003 421 2040 visitationis.
431 2001 487 2039 Valde
501 2016 578 2053 namque
592 2003 649 2051 placet
662 2004 742 2040 Domino
756 2004 794 2040 Deo

60 2063 79 2099 in
92 2064 148 2100 servis
160 2064 196 2100 suis
211 2076 251 2100 cum
264 2063 329 2100 timore
342 2072 391 2099 casto
404 2061 501 2105 humilitas,
516 2062 582 2111 quippe
597 2063 627 2111 qui
644 2062 711 2099 nullam
725 2063 762 2099 sine
775 2076 795 2099 ea

60 2123 144 2160 virtutem
158 2123 235 2161 hominis
249 2121 333 2172 approbat
347 2122 368 2159 ad
378 2121 459 2158 salutem.
468 2121 528 2168 Unde,
535 2123 553 2158 vsi
563 2123 645 2170 cupimus
654 2122 719 2159 solium
730 2122 794 2159 excelsi

60 2182 144 2220 scandere
157 2184 206 2232 regni
220 2182 315 2226 coelorum,
330 2191 402 2231 oportet
414 2194 447 2218 nos
460 2181 537 2218 multum
553 2194 591 2217 esse
605 2181 690 2228 humiles,
704 2182 794 2231 quianon

60 2251 86 2279 est
99 2242 147 2278 aliud
161 2243 194 2279 iter
207 2241 227 2278 ad
242 2242 317 2289 coelum,
331 2242 365 2278 nisi
379 2239 529 2289 profundissimae
543 2240 657 2284 humilitatis,
671 2254 702 2289 pet
716 2241 763 2291 quod
777 2252 794 2278 et

60 2303 97 2350 ipse
110 2302 143 2338 Dei
156 2301 209 2348 filius,
223 2311 240 2338 et
253 2314 315 2339 ornnes
333 2301 388 2337 sancti
406 2301 530 2337 ascenderunt.
548 2300 618 2338 Omnes
636 2311 700 2345 autem,
715 2301 745 2351 qui
763 2315 794 2350 per

56 2360 111 2399 ‚aliam
128 2371 199 2409 portam
220 2361 241 2397 ad
259 2373 334 2409 regnum
352 2360 417 2397 intrare
435 2360 494 2397 conati
512 2371 557 2404 sunt,
576 2372 680 2408 repercusso
695 2361 715 2398 in
732 2359 794 2397 limine

59 2420 164 2457 humilitatis
178 2420 270 2470 superbiae
284 2421 340 2469 capite
353 2419 424 2469 ingredi
437 2421 512 2457 minime
521 2430 624 2468 potuerunt.
638 2420 680 2457 Non
690 2421 738 2458 enim
748 2422 795 2470 capit

59 2479 145 2528 superbos
159 2480 209 2516 ianua
223 2479 335 2516 humilitatis:
350 2489 367 2516 et
385 2489 482 2527 angustum
500 2480 533 2516 iter
550 2479 692 2517 mansuetudinis
706 2490 795 2518 amatores

59 2552 95 2575 non
109 2539 171 2587 recipit
184 2539 272 2583 avaritiae,
287 2549 303 2575 et
317 2539 405 2575 elationis.
420 2538 529 2587 Quicunque
543 2539 596 2588 igitur
610 2540 670 2576 venire
687 2540 708 2577 ad
725 2540 795 2577 celsitu-

59 2598 119 2635 dinem
133 2599 182 2647 regni
197 2598 277 2635 coelestis
292 2598 383 2642 desiderat,
401 2610 433 2645 per
446 2598 511 2647 gradus
529 2598 635 2635 humilitatis
653 2600 742 2646 ascendat,
758 2601 795 2637 sine

59 2657 123 2707 quibus
137 2658 230 2694 ascendere
244 2658 323 2706 quisquis
337 2658 405 2706 incipit,
420 2657 437 2694 in
451 2656 561 2705 profundum
576 2658 686 2706 perditionis,
703 2669 719 2696 et
732 2661 795 2697 mortis
