1968 3023
93 1252 167 1279 Monachus

78 1294 98 1313 est
104 1288 129 1313 Dei
134 1289 166 1314 arrii-

78 1330 105 1353 cus,
119 1323 165 1349 miste-

77 1357 116 1388 rialis,
125 1358 165 1383 inti-

78 1400 107 1417 mus
121 1401 165 1418 secre-

77 1427 122 1453 tarius,

89 1491 135 1516 Ionon.
145 1499 165 1517 12⁴

89 1910 162 1936 hlonachus

74 1952 121 1971 votum
136 1954 162 1970 ne·

74 1988 106 2013 gans
123 1980 162 2005 Chri-

74 2021 109 2040 stum
118 2021 162 2048 negat.

74 2050 129 2075 Hieron.

88 2380 124 2406 Nota
131 2380 159 2414 pul·

72 2415 158 2440 cherrimas

71 2449 159 2475 illationes

70 2490 116 2510 contra
125 2493 158 2518 apo-

71 2525 122 2544 statas
143 2525 158 2544 et

68 2560 156 2587 usurpatores

70 2595 158 2614 monasterio·

70 2631 104 2648 rnru.
110 2624 125 2649 de
131 2631 158 2657 reg·

69 2658 93 2683 iur.
102 2658 115 2683 in
125 2658 137 2684 6.

195 156 230 202 248
385 155 411 191 Dr
423 160 468 191 stata
481 161 495 191 tt
508 154 559 191 ruina
572 154 658 191 monastici
670 152 736 190 ordinis.
775 158 778 164 '

194 243 248 280 retro,
257 245 294 270 non
307 244 333 270 est
346 244 397 283 aptus
410 246 467 283 regno
479 233 521 270 Dei:
537 233 582 270 Ecce
595 232 661 269 misisti
674 245 747 269 manum
760 242 809 269 tuam
822 232 844 270 ad
857 233 927 277 stivam,

194 305 234 329 ecce
249 306 289 330 cuna
302 293 350 330 Loth
363 294 384 330 de
397 292 475 330 Sodoma
489 304 571 341 egressus
586 305 612 339 es,
626 293 640 329 si
654 292 751 340 respexeris
765 301 818 336 retro,
833 293 848 329 si
862 305 928 342 propo·

193 353 248 389 situm
261 362 313 390 tuum
328 353 437 402 corruperiS,
450 353 465 389 si
479 352 501 389 ad
514 352 606 389 saeculum
619 364 701 388 reversus
714 349 779 397 fueris,
794 364 862 389 nones
876 362 927 401 aptus

192 424 248 461 regno
261 412 300 457 Dei,
314 423 331 449 et
344 412 388 449 illud
400 425 514 462 nequaquam
527 410 624 448 mereberis
638 411 726 460 accipere:
740 411 758 448 Si
771 421 831 448 autem
844 412 863 448 in
876 425 928 449 voca-

192 472 241 509 tione
258 481 289 509 rua
306 472 456 521 perseveraveris:
471 472 486 508 si
499 470 612 509 voluntatem
628 468 694 508 bonam
712 470 827 518 custodieris;
841 471 856 508 si
870 471 927 509 chari-

192 541 246 569 tatem
259 532 294 569 Dei
307 533 324 568 in
338 532 391 569 corde
404 529 493 578 habueris,
508 530 565 567 Crede
579 530 630 576 mihi,
644 531 697 567 etiarn
711 530 756 567 siin
771 529 858 579 aliquibus
872 530 927 579 negli-

190 601 253 638 genter
266 591 340 637 vixeris,
354 591 404 639 pium
417 590 439 627 ad
452 590 513 627 Deum
527 589 664 626 intercessorem
679 589 758 626 invenies
775 599 858 626 sanctum
871 589 926 626 Bene-

191 648 265 694 dictum,
280 650 302 686 ob
315 650 364 687 cuius
382 662 463 687 amorem
479 648 572 696 ordinem,
586 661 627 685 cum
640 649 738 698 potuisses,
752 648 825 686 noluisti
839 648 926 686 deserere.
966 677 968 681 .

190 709 283 747 Memento
296 709 369 747 obsecro
383 709 461 747 foederis
474 709 560 756 Domini,
573 708 622 758 quod
635 709 716 746 ordinem
730 709 826 758 ingressus,
840 723 881 746 curn
894 709 926 747 illo

190 770 284 818 pepigisti3
299 780 316 807 et
328 769 364 806 noli
379 783 417 807 esse
430 768 508 806 infidelis
521 778 554 806 tuo
567 768 683 818 redemptori,
694 769 731 806 noli
744 780 807 807 votum
821 768 925 819 infringere,

189 829 227 866 noli
239 840 277 866 tam
289 829 376 867 scelerato
389 829 468 878 periurio
482 838 555 878 pactum
567 828 644 867 violare:
658 822 756 866 Considera
770 840 850 879 pactum,
866 830 926 868 concli-

190 889 257 926 tionem
273 889 352 933 attende,
367 898 384 925 et
398 901 450 932 cave,
464 902 486 926 ne
500 889 540 925 Deo
554 888 630 925 mendax
644 889 715 925 existas:
729 889 831 938 Antequam
844 889 870 926 illi
883 902 925 938 pro·

189 949 275 995 mitteres,
288 948 331 986 liber
344 961 388 995 eras,
397 958 494 998 postquam
508 957 569 984 autem
582 948 687 997 promisisti,
697 960 734 985 non
746 948 822 996 amplius
834 947 883 993 liber,
893 949 925 986 sed
977 946 979 955 ⁸

189 1021 251 1045 servus
264 1008 299 1045 Dei
313 1008 370 1045 lactus
383 1021 407 1046 es.
421 1008 464 1045 Non
477 1007 519 1044 licet
538 1007 571 1044 tibi
591 1006 674 1055 deinceps
689 1006 735 1044 hanc
753 1008 857 1045 servitutem
870 1020 924 1056 spon-

189 1076 241 1104 tanee
255 1078 364 1117 assumptam
377 1067 465 1111 deserere,
475 1080 511 1104 non
521 1066 563 1104 licet
576 1065 613 1110 tibi,
623 1078 656 1102 nec
669 1065 729 1112 alicui,
738 1076 780 1115 post
792 1067 924 1116 professionem

189 1126 211 1163 ad
225 1126 317 1164 saeculum
334 1126 397 1165 redire.
415 1127 499 1170 Quodsi
513 1126 627 1175 propositum
640 1136 691 1162 tuum
705 1127 815 1174 corruperis,
830 1129 845 1163 si
859 1136 923 1164 votum

188 1186 286 1235 negaveris,
296 1187 311 1223 si
320 1185 342 1223 ad
354 1186 446 1223 saeculum
460 1197 542 1223 reversus
556 1184 616 1228 fueris,
630 1197 667 1222 non
680 1183 750 1221 habebit
763 1194 781 1222 te
790 1186 808 1222 in
822 1186 853 1223 illo
867 1186 923 1235 gradu

187 1245 242 1289 Deus,
252 1246 270 1282 in
280 1259 315 1295 quo
326 1245 375 1294 prius
388 1244 490 1290 habuisset,
504 1254 599 1293 antequam
608 1244 682 1280 intrares
696 1244 812 1281 coenobium:
826 1245 872 1282 Nam
883 1257 923 1283 anre
958 1278 960 1280 ,

187 1305 279 1354 religionis
292 1306 402 1353 ingressum,
416 1316 455 1341 eras
469 1304 520 1354 quasi
533 1303 555 1340 de
568 1302 635 1340 iarnilia
648 1302 731 1349 Domini,
746 1303 767 1351 de
780 1302 856 1341 subditis
869 1303 922 1349 illius,

187 1374 205 1400 et
213 1362 359 1412 agricultoribus:
373 1376 418 1407 eras,
428 1364 509 1412 inquam,
519 1372 600 1399 creatura
608 1362 648 1409 Dei,
658 1375 695 1399 eras
709 1360 791 1409 tantulus,
801 1376 839 1400 eras
853 1376 922 1411 servus,

186 1422 263 1460 sednon
273 1435 311 1459 eras
320 1424 393 1470 amicus,
403 1421 511 1465 misterialis,
521 1421 603 1467 intimus,
617 1422 728 1459 secretarius.
741 1422 765 1458 At
778 1432 875 1471 postquam
884 1435 922 1460 mo-

185 1482 252 1519 nachus
269 1480 325 1519 hctus
339 1495 367 1528 es,
381 1481 484 1519 fidelitatem
498 1482 579 1518 Domino
594 1481 702 1529 promisisti,
717 1492 736 1518 ut
749 1481 764 1518 ei
778 1482 843 1530 iugiter
857 1481 921 1519 adhae-

185 1552 242 1586 reres,
256 1550 275 1577 ut
288 1540 318 1578 ubi
335 1541 424 1578 Dominus
439 1550 476 1587 est,
489 1540 527 1577 illic
540 1541 564 1577 sis
579 1550 595 1577 et
608 1551 627 1576 tu
642 1538 721 1577 rrairiister
734 1542 777 1578 eius.
795 1540 853 1590 Elegit
871 1551 889 1577 te
903 1543 921 1579 in

184 1600 271 1643 amicum,
286 1609 303 1637 et
315 1600 344 1649 (ut
356 1600 380 1637 ita
394 1600 479 1648 dixerim)
493 1599 586 1636 custodem
606 1600 687 1648 corporis
704 1600 740 1644 sui,
751 1610 774 1637 ut
793 1600 810 1636 in
825 1611 920 1649 conspectu

184 1659 221 1695 eius
235 1658 260 1695 illi
274 1671 344 1707 semper
361 1659 463 1704 ministres,
479 1659 553 1707 eiusque
569 1659 587 1695 in
605 1657 687 1695 omnibus
705 1658 784 1706 perficias
798 1659 920 1696 voluntatem:

183 1718 224 1755 Hoc
238 1719 286 1755 enirn
299 1719 403 1768 promisisti.
417 1718 435 1755 Si
449 1731 493 1767 ergo
507 1718 600 1754 recesseris
613 1716 634 1753 ab
648 1731 679 1764 eo,
693 1719 721 1754 cui
734 1728 751 1755 te
763 1718 840 1770 vovisti,
854 1719 869 1755 si
882 1719 920 1756 infi-

183 1777 227 1814 delis
237 1788 254 1815 et
263 1779 300 1815 voti
314 1788 427 1827 contemptor
440 1779 525 1815 inventus
538 1777 598 1824 fueris,
608 1790 644 1814 nou
658 1788 674 1814 re
687 1776 758 1815 habebit
771 1778 793 1815 de
806 1778 874 1815 farrrilia
882 1791 920 1825 sna,

183 1845 202 1872 ut
219 1838 268 1886 prius
285 1837 380 1887 antequam
397 1838 497 1874 monachus
513 1837 575 1883 fieres,
591 1836 623 1874 sed
636 1846 683 1874 certe
695 1835 800 1887 fugitivum,
816 1837 919 1882 infidelem,

182 1897 348 1944 praevaricatorem,
361 1898 458 1945 periurum,
473 1906 490 1934 et
504 1896 616 1934 mendacem.
630 1896 730 1933 Monachus
744 1898 797 1943 enim,
811 1898 841 1946 qui
855 1906 919 1934 votum

182 1968 235 1991 suurn
253 1966 315 2003 negat,
329 1956 420 1993 Christum
436 1966 500 2005 negat:
518 1956 567 1993 Dicit
585 1956 634 1992 enirn
647 1956 708 1993 beatus
720 1957 853 2004 Hieronymus:
871 1956 919 2005 Ego,

183 2016 213 2063 qui
226 2015 288 2051 videor
302 2028 340 2052 esse
353 2015 463 2059 monachus,
477 2016 492 2052 si
507 2015 620 2063 propositum
634 2028 695 2052 meum
709 2027 811 2063 cormpero,
826 2015 919 2052 Christum
956 2018 958 2022 '

181 2075 252 2123 negavi.
268 2075 307 2111 Vos
320 2069 380 2112 autem
395 2075 556 2123 praevaricatores,
570 2075 611 2123 qui,
624 2074 687 2111 ordine
701 2087 750 2112 sacro
765 2084 882 2124 contempto,
897 2075 919 2112 de

181 2133 274 2184 monachis
288 2134 329 2171 facti
342 2134 384 2171 estis
399 2134 491 2178 canonici,
505 2146 549 2178 vos,
564 2134 647 2183 inquam,
661 2134 774 2182 propositum
787 2145 867 2171 vestrum
882 2147 918 2171 non

180 2194 240 2230 solum
254 2194 362 2242 corrupistis,
372 2193 408 2237 sed,
418 2193 467 2242 quod
481 2192 584 2229 sceleratius
598 2202 629 2236 est,
643 2189 716 2241 prorsus
730 2192 849 2229 destruxistis:
863 2193 918 2230 Nunc

181 2265 224 2302 ergo
234 2262 264 2288 :rut
273 2265 305 2290 vos
315 2253 406 2290 Christum
416 2254 503 2301 negastis,
514 2261 544 2288 aut
554 2252 619 2289 falsum
628 2262 660 2295 est,
669 2247 719 2301 ¹quod
733 2252 775 2289 dicit
787 2252 918 2301 Hieronymum

179 2312 210 2349 sed
224 2313 265 2361 quia
279 2311 343 2349 falsum
361 2326 399 2349 esse
412 2324 450 2349 non
463 2322 532 2361 potest,
547 2311 595 2362 quod
608 2312 635 2348 vir
647 2322 707 2349 tantus
722 2310 802 2358 edocuit,
815 2321 871 2349 restat
884 2325 917 2350 vos

180 2371 247 2408 Christi
260 2381 353 2419 negatores
366 2384 409 2415 esse,
423 2371 513 2420 periuros,
529 2379 546 2406 et
559 2370 645 2408 infideles.
658 2370 739 2416 Utinam,
749 2370 778 2407 vel
791 2383 831 2408 sero
844 2370 917 2408 tandem

179 2430 300 2478 poenitentiae
316 2430 393 2467 remedia
406 2428 502 2475 subiretis,
517 2429 548 2478 qui
561 2430 579 2466 in
592 2430 646 2466 tantis
660 2429 742 2477 periculis
757 2431 851 2467 constituti
864 2432 916 2467 estis:

178 2489 196 2526 Si
209 2490 301 2526 Christum
314 2490 391 2538 negavit,
401 2490 431 2538 qui
445 2489 566 2526 monasticum
580 2489 693 2537 propositum
707 2488 780 2526 violavit
785 2503 790 2534 ;
805 2490 842 2534 Qui
856 2499 916 2526 totum

178 2549 269 2595 ordinem,
283 2562 345 2586 omnes
358 2559 437 2596 sanctos,
452 2549 547 2598 Deumque
561 2548 640 2593 fraudat,
655 2547 697 2597 quid
712 2549 802 2586 meretur?
815 2549 834 2586 Si
843 2562 916 2598 semper

178 2608 253 2649 ardebit,
268 2609 297 2657 qui
311 2609 434 2656 possessiones
448 2608 544 2646 hominurn.
557 2609 623 2645 iniuste
637 2618 719 2656 occupat,
733 2621 767 2657 qua
780 2621 838 2657 poena
851 2608 915 2657 dignus

177 2675 210 2713 est,
219 2668 249 2717 qui
262 2666 308 2704 bona
321 2668 365 2711 Deo,
379 2677 397 2705 et
409 2669 475 2704 sanctis
489 2667 547 2704 dicata
560 2666 593 2703 sibi
607 2667 692 2716 usurpat?
706 2667 724 2704 Si
737 2668 786 2704 iuxta
798 2668 916 2705 traditionem
