1968 3023
383 182 460 220 Humilia
473 182 502 237 IX.
788 185 809 219 61

74 276 193 315 comparatur.
206 264 259 301 Risus
272 272 332 300 autem
341 263 481 310 intempestivus,
492 274 508 300 et
518 261 637 300 immoderata
646 263 717 301 levitate
727 263 810 312 profusus

73 324 170 364 dissolutae
183 324 249 361 mentis
263 322 347 360 indicium
361 332 394 368 est,
410 333 426 359 et
440 322 518 360 ostendit
531 323 624 360 hominem
638 323 740 361 moderatae
754 323 809 360 hone-

74 387 129 432 statis,
143 395 159 423 et
172 383 272 422 modestiae
285 382 366 421 oblitum.
380 382 480 420 Monachus
493 396 542 426 vero,
557 383 587 432 qui
601 382 695 420 Christum
709 384 775 421 imitari
784 384 810 420 in-

73 445 131 492 betur,
146 456 163 482 et
177 458 196 482 ea
210 444 313 481 conditione
330 442 401 481 saeculo
418 444 514 487 renunciat,
533 453 552 480 ut
570 444 638 480 maiore
657 445 732 493 puritate
751 445 811 481 vivere

74 505 136 552 possit,
150 504 171 540 ab
185 501 268 549 omnibus
282 515 343 539 cavere
357 501 433 546 debebit,
447 516 491 552 quae
502 511 568 539 statum
582 502 648 539 mentis
660 503 730 540 uirilem
739 502 810 540 subver-

73 572 121 610 tunt,
136 574 153 600 et
165 575 210 600 vana
223 563 276 599 huius
290 562 351 599 murtdi
364 561 427 611 gaudia
436 575 469 610 pro
479 562 560 599 caelestis
569 563 637 611 patriae
646 562 735 600 desiderio
744 572 811 600 cuncta

74 622 169 671 despicere,
184 634 238 670 seque
251 622 269 657 in
283 621 332 658 omni
346 622 447 658 rnaturitate
458 623 529 666 mentiS,
540 632 557 659 et
567 623 649 671 corporis
662 633 750 671 perpetuo
763 623 811 659 iusu-

73 680 169 730 perabilem
184 693 297 718 conservare.
310 680 332 716 Et
345 681 497 729 quemadmodum
512 683 558 719 risus
572 681 702 719 immoderatus
718 682 810 719 monachis

73 740 91 776 iu
104 740 154 777 otnni
167 749 256 787 ternpore,
271 748 288 775 et
301 740 342 776 loco
359 739 475 783 interdicitur,
490 741 513 777 ita
528 749 545 777 et
558 740 608 790 loqui
624 740 677 778 uerba
692 741 748 777 risum
762 740 810 778 audi-

73 799 141 837 toribus
159 798 250 836 moventia
266 798 376 846 prohibetur,
394 799 427 835 Hic
444 800 479 836 iarn
497 798 560 837 fratres
574 800 674 837 charissimi
691 801 811 848 vosmetipsos

73 858 166 909 attendite,
181 868 198 894 et
212 856 303 906 quomodo
317 856 405 894 refrenare
418 857 487 906 linguas
501 858 581 896 debeatis
596 868 672 906 uestras,
687 859 749 896 sedulo
764 859 811 907 togi-

72 928 113 955 tate.
127 916 176 961 Quid
190 916 278 966 propheta
291 916 337 954 dicat
351 916 369 952 in
382 916 457 965 psaltim,
470 917 492 953 ad
505 919 613 956 memoriam
631 919 701 967 saepius
717 927 809 955 reuocate:

72 977 119 1021 Dixi,
134 975 234 1013 custodiam
252 976 288 1012 vias
307 988 361 1021 tineas,
377 986 444 1012 utnon
462 975 564 1025 delinquam
584 979 601 1013 in
618 977 678 1026 lingua
696 990 740 1014 mea.
757 977 810 1013 Posui

72 1038 99 1074 ori
117 1049 158 1073 meo
176 1035 286 1081 custodiam,
298 1034 394 1081 obmutui,
412 1044 428 1072 ct
445 1034 549 1072 lttuuiliutus
566 1049 615 1082 sum,
634 1047 652 1074 et
670 1037 710 1073 silui
728 1049 737 1072 a
755 1035 810 1072 bonis.

71 1097 176 1146 Recogitate
189 1109 222 1133 vos
235 1096 254 1132 in
267 1095 317 1132 omrai
330 1094 370 1132 loco
384 1104 440 1131 astare
454 1095 537 1134 Domino,
548 1096 594 1142 Deo,
605 1096 634 1144 qui
644 1094 709 1145 ubique
724 1107 749 1133 est
762 1108 811 1144 prae-

72 1153 120 1203 sens,
134 1157 196 1194 onmia
208 1154 263 1200 audit,
277 1155 338 1191 omma
351 1153 406 1199 uidet,
422 1155 482 1191 omnia
495 1156 551 1198 nouit,
566 1156 627 1192 omnia
640 1155 732 1203 intelligit,
742 1168 751 1192 a
762 1155 811 1191 cuius

71 1216 136 1266 notitia
148 1213 193 1252 nihil
206 1212 327 1257 absconditur,
341 1214 390 1260 cuius
405 1212 486 1251 districto
496 1205 579 1251 'exantini
589 1215 650 1251 omnia
659 1223 781 1252 reservantur:
793 1215 811 1251 in

72 1276 121 1313 cuius
135 1283 209 1324 aspectu
223 1273 248 1310 sic
266 1263 330 1320 vivite,
345 1282 363 1309 ut
378 1264 438 1309 uenire
455 1272 476 1309 ad
494 1274 531 1310 eius
551 1273 638 1310 iudicium
656 1286 717 1311 secure
732 1272 810 1310 ualeatis.

71 1336 148 1381 Quoties
158 1335 179 1372 de
190 1327 263 1372 licentia
276 1334 339 1378 nostri,
348 1334 376 1370 vel
385 1334 450 1383 prioris
464 1334 563 1371 convenitis
573 1334 594 1371 ad
608 1333 724 1383 colloquium,
735 1348 744 1371 a
753 1332 810 1371 uerbis

71 1394 181 1441 scurrilihm,
198 1394 269 1438 ociosis,
283 1403 300 1430 et
313 1394 368 1430 risum
386 1393 514 1430 concitantibus
532 1395 582 1430 iusta
599 1404 714 1443 praeceptum
732 1393 810 1442 Legisla-

70 1455 115 1492 toris
127 1455 185 1491 nostri
198 1465 314 1501 summopere
328 1453 410 1489 caveatis.
425 1452 462 1489 Sint
476 1452 547 1502 eloquia
561 1462 621 1490 vestra
639 1453 739 1490 modestiae
752 1453 810 1501 plena,

70 1527 107 1552 non
120 1514 203 1557 clamosa,
217 1526 253 1551 non
271 1512 340 1558 frivola,
353 1525 389 1549 non
405 1513 504 1556 temeraria,
523 1525 560 1549 nou
579 1509 695 1557 contentiosa,
710 1526 731 1550 ne
745 1514 809 1550 rationi

71 1585 141 1611 exactae
155 1572 251 1610 reddantur
265 1571 347 1609 obnoxia.
361 1570 496 1620 Multiloquium
510 1572 594 1609 similiter·
603 1572 667 1622 fugite,
678 1572 762 1622 quoniam
773 1585 809 1609 uon

71 1634 147 1670 estsine
162 1641 241 1681 peccato,
255 1642 272 1681 et
285 1631 394 1668 Monachum
408 1630 448 1668 iacit
462 1631 529 1668 cunctis
543 1630 647 1669 hominibus
660 1638 764 1674 onerosum.
778 1632 808 1668 Se-

70 1693 129 1730 niores
144 1692 240 1740 loquantur
253 1703 290 1728 non
307 1689 399 1740 quaelibet,
417 1689 448 1726 sed
464 1689 517 1727 uerba
535 1690 626 1728 doctrinae
644 1691 732 1736 salutaris,
746 1690 809 1740 quibus

70 1751 139 1788 animos
153 1751 245 1787 iuniorum
259 1749 280 1787 ad
293 1749 376 1785 semitam
390 1749 469 1786 Iustitiae
482 1750 576 1796 instruant,
587 1761 604 1787 et
613 1750 635 1787 ad
644 1751 678 1787 Dei
689 1763 769 1787 amorem
779 1763 808 1799 pe-
850 1768 852 1772 ·

69 1809 155 1858 tatrtplius
169 1808 268 1846 incendant.
282 1808 329 1845 Num
343 1808 407 1844 Sancto
420 1807 534 1855 Legislatore
550 1819 614 1846 nostro
631 1809 708 1854 dicente,
722 1808 778 1858 loqui,
792 1819 809 1845 et

70 1867 134 1905 docere
147 1868 253 1917 tnagistrum
268 1866 361 1912 condecet;
375 1875 439 1911 tacere,
454 1876 471 1902 et
484 1866 545 1903 audire
563 1867 713 1916 discipulurn,.Et
726 1868 766 1904 ideo
782 1878 813 1904 se·

69 1928 129 1965 niores
142 1927 238 1976 loquantur
252 1925 308 1971 utilia,
323 1935 340 1962 et
354 1925 435 1971 doceant3
449 1926 527 1963 iuniores
541 1937 602 1964 autem
615 1926 692 1965 tacendo
704 1926 781 1973 audiant,
791 1938 808 1964 et

69 1986 142 2025 discant.
156 1986 205 2023 Etsi
223 1999 267 2035 quae
285 1984 389 2034 requirenda
406 1995 446 2028 sunt
460 1999 469 2022 a
483 1987 550 2036 priore,
570 2000 612 2023 cum
630 1988 681 2025 oanni
699 1987 807 2033 humilitate,

68 2047 173 2091 reverentia,
188 2056 205 2082 et
218 2043 328 2082 subiectione
341 2046 457 2094 requirantur,
467 2057 489 2082 ne
499 2046 538 2094 quis
550 2045 632 2083 videatur
641 2045 681 2095 plus
690 2046 744 2096 loqui,
755 2058 807 2095 quam

69 2105 145 2154 expedit.
159 2104 184 2141 Ex
197 2104 255 2141 verbis
268 2104 305 2140 suis
319 2103 431 2152 cognoscitur
449 2104 480 2148 vir,
496 2115 519 2150 et,
533 2105 563 2153 qui
583 2105 692 2155 multiplicat
708 2106 807 2143 locutiones

69 2163 86 2200 in
99 2176 131 2201 ore
144 2177 183 2209 suo,
198 2164 283 2211 insipiens
298 2174 323 2200 est
336 2163 395 2200 corde.
409 2163 533 2201 Conscientiae
548 2165 598 2201 testis
613 2175 639 2202 est
652 2178 711 2202 sermo
727 2166 767 2211 viri,
783 2175 805 2211 et,

69 2223 98 2272 qui
112 2223 217 2271 pudicitiam
233 2234 251 2259 et
264 2222 384 2260 innocentiam
399 2222 457 2259 cordis
471 2222 533 2272 diligit,
544 2223 592 2261 illius
604 2224 686 2273 pudicos,
696 2235 713 2261 et
726 2220 764 2261 sine
777 2238 807 2261 va-

69 2282 124 2318 nitate
138 2292 222 2332 opportet
235 2295 275 2319 esse
289 2294 387 2319 sermones.
401 2282 434 2319 Dei
448 2295 517 2332 narique
526 2283 602 2320 viventis
616 2284 694 2320 ministri
704 2285 746 2320 estis
755 2297 766 2321 o
775 2283 807 2320 sra-

69 2351 105 2378 trcs
123 2343 165 2388 mei,
184 2343 243 2379 omnis
261 2346 320 2379 sermo
337 2354 397 2386 uanus,
413 2342 485 2385 inutilis,
500 2352 516 2379 et
530 2345 604 2380 ociosus
622 2356 658 2380 non
677 2353 727 2380 creat
741 2342 762 2380 tle
776 2357 807 2381 ore

68 2411 135 2448 vestro,
148 2402 185 2439 sed'
194 2403 208 2438 si
222 2402 261 2451 quis
277 2401 335 2439 bonus
349 2411 375 2437 est
389 2401 410 2438 ad
423 2400 565 2439 aedificationem
580 2402 689 2448 auditorum,
701 2414 720 2439 ut
734 2403 807 2440 charita-

68 2472 104 2498 tem
118 2470 181 2509 augeat
195 2460 284 2498 mentibus
298 2462 319 2498 ad
332 2461 469 2498 illustrationem
485 2461 542 2498 cordis
556 2463 574 2498 in
588 2461 717 2510 cognitionem,
729 2472 746 2498 et
759 2475 807 2499 auro·

68 2533 106 2557 rem
120 2533 200 2558 summae
217 2520 304 2557 veritaris.
323 2521 406 2557 Pretiosa
423 2519 483 2568 lingua
500 2520 592 2566 Monachi‚
607 2534 652 2569 quae
669 2520 715 2558 nihil
732 2522 807 2559 omnino

68 2580 153 2629 loquitur,
166 2580 200 2616 nisi
214 2588 302 2625 sanctum,
316 2589 332 2616 et
346 2592 367 2616 os
380 2578 504 2617 benedictione
519 2580 601 2628 dignum,
614 2581 636 2617 de
651 2593 686 2629 quo
704 2580 749 2618 nihil
766 2594 806 2631 pto-

68 2637 132 2684 fertur,
151 2639 185 2676 nisi
202 2638 294 2675 Divinum.
309 2639 344 2675 Cor
362 2651 414 2675 suum
432 2640 556 2689 unusquisque
574 2639 662 2677 natandum
681 2640 768 2677 custodiat
786 2640 807 2678 ab

68 2699 117 2736 omni
132 2698 240 2747 cogitatione
254 2697 321 2746 iniqua,
337 2698 426 2747 qnoniam,
441 2699 470 2748 qui
483 2699 540 2737 bonus
553 2709 579 2736 cst
589 2698 648 2743 corde,
658 2699 725 2737 malum
735 2714 770 2738 non
781 2701 807 2738 lo·
