1968 3023
185 174 221 213 toa
359 166 386 204 De
399 166 505 212 abstinentia,
519 172 534 204 et
546 167 606 205 ieittaio
620 167 743 206 rttettacbnrrna.

183 260 222 283 esse
236 247 341 295 discipulus.
354 248 392 285 Vae
405 247 515 297 temporibus
528 249 599 292 nostriS,
614 247 707 296 inquibus
720 248 755 284 iam
771 248 836 296 clerici,
850 260 866 286 et
880 263 918 287 mo-

149 342 151 344 .
182 305 234 342 1111111
248 306 350 354 complures
360 307 444 344 virtutem
453 307 568 344 abstinentiae
577 307 653 355 turpiter
661 307 770 353 abiecerunt,
779 319 796 345 et
810 310 839 358 qui
851 309 916 359 populo

82 551 131 578 Eccles.
141 559 161 585 ²9·

94 587 161 612 Adversus

74 621 118 647 luxum
133 630 161 647 mu·

74 656 149 682 ttaelrorum.

184 366 216 402 Dei
230 379 266 403 non
280 367 340 404 ruirnrs
354 367 442 418 exemplo,
451 381 504 416 quam
518 367 572 404 verbo
581 368 614 405 iter
627 368 689 405 salutis
699 378 840 416 praemonstrare
853 368 917 406 debue-

182 436 226 469 rant,
241 426 401 464 comessationibus
415 427 474 471 dediti,
488 427 612 476 continuisque
625 427 751 476 potationibus,
765 437 783 464 et
797 427 917 476 voluptatibus

182 495 244 522 contra
260 499 334 523 onmem
352 487 463 524 honestatem
480 486 586 523 clericorum
599 487 688 530 immersi,
705 500 746 524 eum
763 488 780 524 111
798 488 916 536 perditionem

182 554 265 582 aeternae
274 547 339 582 mortis
348 545 451 594 praecedere
463 544 551 582 festinant
560 546 609 583 Dicit
618 556 678 583 autem
690 547 783 595 scriptura:
790 547 863 584 Initium
873 548 918 584 vitae

183 603 261 641 hominis
275 606 332 653 panis,
343 616 360 641 et
374 617 423 654 aqua.
433 606 456 641 At
469 618 516 642 1111111
525 605 609 642 monachi
618 615 635 642 et
649 605 752 643 claustrales
763 607 820 643 nostri
833 607 916 655 quicquid

182 664 281 710 preciosius
294 664 383 709 venditur,
396 664 480 714 quicquid
498 664 562 701 lautius
579 665 673 706 invenitur!
688 665 720 702 sibi
735 667 803 715 magnis
817 665 916 715 sumptibus

182 735 298 772 comparant,
314 724 350 760 suis
367 722 457 760 ventribus
472 724 599 773 ingurgitando
617 724 714 774 sepeliunt,
729 726 806 762 animam
823 721 917 769 simulet

182 795 247 830 corpus
261 795 292 830 per
306 783 459 831 intemperantiam
474 792 596 831 corrumpunt.
606 784 654 821 inter
668 784 728 833 epulas
742 784 763 821 de
776 785 843 822 ieiunio
857 785 916 834 dispu-

182 852 229 887 tant,
245 854 261 879 et
275 856 317 879 cum
330 842 409 879 inebriati
422 842 497 889 fuerint,
511 844 647 892 temperantiam
665 844 743 882 laudant.
757 843 782 881 lbi
796 846 916 895 unusquisque

156 915 158 917 ·
182 903 271 940 victorem
285 915 303 939 se
316 901 403 951 gloriatur
416 903 508 948 vitiorum,
518 915 558 939 111111
572 902 637 952 egula,
647 912 667 939 et
678 902 762 940 ebrietate
772 904 807 940 iam
822 903 875 941 luerit
888 917 916 941 su-

87 1505 141 1530 Satietas
146 1504 159 1529 iu

72 1540 106 1564 victu
123 1547 159 1565 sern-

72 1583 95 1607 per
102 1574 158 1599 vitanda.

182 971 260 1010 peratus.
274 961 345 1008 Videte,
360 963 417 1011 inquit
426 963 515 999 Dominus
528 972 589 1017 noster
602 962 651 999 Iesus
661 963 744 1000 Christus
759 964 777 999 in
790 973 851 1000 sancto
860 964 917 1001 livan-

181 1021 229 1070 gelio
248 1021 347 1057 secundum
364 1022 440 1067 Lucam,
453 1034 474 1057 ne
491 1031 586 1069 graventur
604 1020 658 1058 corda
674 1031 733 1059 vestra
751 1023 768 1058 111
786 1023 862 1071 crapula.
875 1023 916 1060 Non

182 1080 233 1117 decet
247 1081 340 1117 1101111111111
353 1081 392 1117 Deo
406 1079 484 1118 dicatum
498 1082 519 1117 acl
532 1082 632 1118 satietatem
646 1082 751 1127 comedere,
766 1082 793 1119 vel
807 1080 869 1126 bibere,
883 1094 916 1118 nec

182 1139 223 1177 licet
237 1140 326 1177 monacho
339 1139 383 1188 plus,
398 1153 450 1189 quam
467 1151 528 1176 natura
543 1141 603 1189 exigit,
616 1140 729 1178 manducare.
743 1141 795 1178 Sedet
807 1141 873 1178 famem
887 1155 916 1178 co-

182 1200 253 1243 mestio,
265 1212 302 1236 non
315 1199 386 1236 inducat
399 1198 525 1247 repletionem:
535 1198 591 1236 absint
605 1199 667 1248 procul
677 1209 745 1246 ructus,
755 1213 799 1249 quos
812 1199 916 1249 epulonibus

182 1260 277 1295 cousuevit
290 1271 375 1307 generare
389 1259 469 1295 satietas:
483 1259 567 1303 vomitus,
578 1269 595 1295 et
607 1259 704 1307 indigeries
718 1272 809 1307 nunquam
821 1260 866 1296 inter
879 1272 917 1296 mo-

181 1318 247 1355 nachos
261 1317 361 1355 audiantur.
371 1318 438 1367 Magno
452 1317 562 1355 discretionis
576 1317 700 1355 moderamine
710 1331 772 1355 omnes
786 1328 856 1355 utamur
869 1318 916 1355 clau-

180 1377 243 1414 strales
257 1388 336 1426 oportet,
352 1386 438 1426 quatenus
452 1377 476 1414 ita
489 1390 552 1425 corpus
568 1378 657 1414 nutriatur
673 1376 772 1421 esculentis,
782 1387 799 1414 et
812 1378 887 1426 poculis,
897 1388 916 1414 111

181 1438 251 1486 spiritui
267 1436 380 1473 subserviens
398 1439 455 1485 possit
471 1438 541 1482 vivere,
554 1450 591 1473 11111
608 1448 667 1474 autern
686 1446 705 1473 ut
722 1438 838 1474 incrassatum
856 1446 916 1474 contra

181 1498 246 1533 metttis
259 1497 355 1546 imperium
374 1496 445 1543 incipiat
458 1495 544 1532 lascivire.
558 1495 623 1533 Procul
636 1509 708 1545 semper
721 1495 765 1532 absit
779 1497 859 1542 satietas,
872 1509 916 1545 quo-

180 1557 228 1593 niam
242 1556 286 1592 nihil
299 1557 324 1592 sic
342 1554 440 1591 inflammat
454 1567 528 1603 corpus,
542 1565 558 1591 et
572 1555 650 1592 concitat
668 1554 748 1591 membra
765 1555 856 1604 genitalia,
870 1555 916 1592 sicut

180 1616 279 1664 indigestus
297 1614 356 1657 cibus,
370 1625 388 1650 et
405 1624 466 1650 venter
483 1624 564 1657 aestuans
582 1615 636 1660 vino,
653 1615 691 1650 sive
709 1614 787 1651 cervisia.
801 1615 848 1651 Hinc
865 1614 915 1652 divus

179 1676 300 1723 Hieronymus
314 1686 390 1710 monens
404 1673 521 1710 Eustochium
535 1672 556 1708 ad
569 1673 657 1709 virtutum
671 1674 754 1710 omnium
769 1674 915 1710 conservatricem

179 1735 316 1782 temperantiam
334 1734 352 1769 in
366 1732 441 1781 quadam
460 1732 535 1780 epistola
553 1731 604 1769 dicit:
618 1732 687 1781 Sponsa
701 1732 768 1769 Christi
784 1733 846 1769 vinum
859 1732 915 1780 fugiat

178 1807 211 1842 pro
226 1806 303 1838 veneno,
314 1793 398 1841 quoniam
413 1791 497 1828 adversus
507 1790 645 1828 adolescentiam
659 1804 709 1828 arma
722 1802 763 1828 sunt
772 1792 839 1838 vinum,
849 1801 865 1827 11
878 1793 915 1839 ipsa

178 1854 262 1889 iuventus
276 1852 373 1901 proclivior
386 1851 407 1887 ad
424 1850 490 1899 gulam.
504 1850 545 1888 Nou
558 1851 584 1887 sic
602 1850 675 1887 avaritia
693 1853 750 1899 quatit
768 1849 915 1897 adolescentiam,

178 1905 211 1948 nec
224 1911 274 1948 inflat
287 1910 377 1959 superbia,
392 1922 450 1959 neque
464 1909 540 1946 delectat
557 1909 641 1954 1111111110,
655 1911 702 1946 sicut
714 1909 754 1955 illa,
768 1922 813 1958 quae
824 1909 876 1947 nobis
889 1911 914 1946 vi-

178 1971 243 2009 dentur
257 1980 339 2008 concreta
352 1969 445 2018 voluptati,
459 1969 502 2005 vitia
516 1970 578 2006 earnis.
593 1969 652 2006 Facile
665 1968 704 2005 aliis
718 1968 817 2006 carebimus
829 1969 886 2013 vitiis,
901 1970 915 2005 si

141 2063 142 2066 ,
178 2031 196 2068 111
210 2031 276 2067 timore
288 2030 364 2067 Domini
377 2029 405 2065 vel
419 2027 533 2065 mediocriter
546 2028 649 2077 vigilemus.
664 2028 698 2064 Hic
711 2037 771 2065 autern
786 2028 842 2065 hostis
855 2039 915 2066 noster

178 2091 227 2127 intus
241 2099 267 2127 est
281 2101 352 2137 semper
364 2088 451 2125 inclusus:
462 2100 568 2136 quocunque
582 2089 679 2137 pergimus,
690 2086 738 2123 hunc
750 2086 844 2125 nobiscum
855 2088 914 2124 adver-

178 2151 245 2186 sarium
262 2159 360 2197 portamus,
374 2147 451 2189 Vinum,
467 2146 595 2191 adolescentia,
610 2146 676 2196 duplex
694 2146 795 2183 incendium
813 2146 914 2196 voluptatis.

178 2207 227 2252 Quid
244 2207 305 2245 oleum
318 2206 400 2243 fiammae
415 2205 513 2249 adiicirnus,
524 2216 554 2242 aut
567 2218 622 2254 qnare
635 2205 703 2242 ardenti
717 2204 823 2253 corpusculo
836 2205 915 2243 lerneam

178 2268 230 2317 ignea
243 2266 379 2304 ministramus?
392 2264 460 2301 Multos
474 2274 521 2301 caste
534 2262 644 2301 ambulantes
658 2264 676 2300 111
690 2262 750 2300 medio
763 2263 826 2300 itinere
839 2273 915 2312 prostra-

177 2328 203 2363 vit
217 2326 311 2375 ingluvies,
325 2335 342 2362 et
355 2337 400 2373 quos
414 2324 449 2359 suis
462 2322 575 2360 instinctibus
590 2323 662 2361 vincere
676 2321 756 2359 diabolus
768 2335 805 2360 non
817 2324 882 2371 potuit,
896 2324 914 2360 in

177 2384 287 2434 profundum
304 2385 384 2421 luxuriae
401 2382 438 2418 vini
456 2383 525 2429 potatio
543 2384 598 2420 nimia
615 2383 697 2431 proiecit.
711 2380 778 2418 Idcirco
792 2383 914 2419 sanctissimus

177 2446 224 2482 vitae
241 2454 314 2488 nostrae
332 2442 422 2480 institutor
439 2440 545 2479 Benedictus
563 2443 683 2479 instrumenta
703 2440 792 2478 bonorum
810 2455 914 2479 ernrmerans

177 2517 258 2553 operum,
272 2505 319 2541 inter
336 2503 430 2552 praecipua
443 2502 533 2548 reposuit,
549 2514 613 2550 corpus
628 2502 724 2549 castigate,
739 2500 808 2549 vigilias
821 2501 913 2550 arnplecti‚

177 2565 264 2601 ieiunium
277 2576 342 2600 amare.
352 2563 411 2600 Nemo
424 2561 472 2598 enim
482 2560 574 2599 Christum
588 2563 606 2599 in
620 2561 694 2599 veritate
708 2561 793 2609 sequitur,
804 2562 833 2609 qui
843 2574 912 2597 carnem

176 2635 227 2659 suam
240 2622 315 2658 delicate
328 2621 407 2658 mitriens
421 2620 458 2656 sine
472 2619 574 2668 quotidiana
591 2620 698 2657 abstinentia
715 2620 733 2655 in
749 2621 858 2657 monasterio
872 2633 912 2656 con·

175 2692 262 2719 versatur.
276 2680 389 2717 Abstinentia
402 2680 467 2728 quippe
481 2679 579 2726 moderata,
592 2693 612 2717 11
625 2681 665 2716 Deo
678 2678 749 2727 placens
763 2679 818 2716 multa
831 2681 849 2716 in
861 2678 912 2715 nobis
