1968 3023
156 156 179 191 26
294 155 320 193 Dr
333 155 407 202 lucrium,
422 164 436 195 o
449 155 501 195 studio
515 157 610 196 divinarum
623 158 748 209 scripturaruum

156 233 266 272 execrabilis.
276 235 325 273 Beati
338 249 387 282 vero,
396 238 426 286 qui
439 246 540 275 scrutantur
552 239 653 276 testimonia
662 240 742 287 Domini,
753 240 770 277 in
784 249 824 278 toto
838 241 891 279 corde

155 294 251 342 exquirunt
260 308 308 333 eum.
317 296 356 334 Vos
370 297 434 346 itaque,
444 295 506 334 iratres
516 298 557 345 mei,
564 298 580 334 si
587 299 687 335 Dominum
694 300 753 336 lesum
762 299 780 337 in
790 310 829 338 toto
839 301 892 339 corde

155 361 214 388 vestro
228 354 315 391 veraciter
324 354 405 403 diligitis,
414 355 429 391 si
443 355 553 403 complacere
566 356 592 393 illi
605 368 657 405 super
667 357 732 401 omnia,
742 368 762 394 ut
774 359 812 395 veri
825 360 891 397 milites

156 410 266 459 desideratis
281 414 296 449 si
310 413 387 464 denique
400 413 421 450 ad
435 414 564 462 perfectionem
578 416 624 453 vitae
637 416 746 453 hlonasticae
761 419 826 467 cupitis
838 419 892 468 profi-

156 483 202 518 cere,
215 472 233 508 in
249 471 326 509 lectione
344 473 445 510 divinarum
458 474 585 522 scriptutarum
600 473 667 512 debetis
680 488 713 512 vos
727 488 799 525 semper
812 490 853 514 cum
866 477 891 515 af-

155 529 234 568 fectione
247 531 315 570 fervida
328 545 422 581 occupare.
436 533 496 577 Quam
510 534 533 570 sit
545 533 592 570 utilis
610 533 664 571 lectio
677 535 813 583 scripturarum,
827 536 891 574 Beatus

155 589 278 638 Hieronymus
287 591 364 628 insinuat
377 591 443 629 dicens:
453 592 499 628 Ama
510 593 602 629 scientiam
611 593 745 641 scripturarum,
755 603 771 629 et
782 594 839 631 carnis
849 596 891 632 vitia

155 661 193 686 non
206 648 279 688 amabis.
293 650 342 688 Nihil
356 652 403 688 enim
417 660 458 699 post
470 651 529 688 Deum
543 652 562 688 in
575 652 607 688 hac
620 652 656 689 vita
670 653 740 689 suavius
754 653 837 696 sumitur,
847 654 891 692 nihil

156 707 225 744 dulcius
239 709 322 755 sentitur,
336 708 381 746 nihil
394 719 472 746 mentem
486 709 507 746 ab
521 723 582 747 amore
591 710 643 747 huius
655 709 718 748 mundi
727 711 803 748 validius
816 722 891 762 separat,

156 767 200 804 nihil
214 777 277 805 contra
290 781 352 806 omnes
361 768 503 806 adversariorum
513 770 620 807 tentationes
629 769 706 807 militem
716 770 783 807 Christi
792 771 836 809 atleo
851 785 892 809 con-

156 826 218 873 fortat,
232 827 277 864 nihil
290 827 400 865 Monachum
414 828 435 865 ad
449 840 502 865 omne
517 841 562 877 opus
575 827 642 865 bonum
656 829 757 865 intantum
775 830 860 879 disponit,
874 841 891 868 et

156 884 255 929 confirmat,
270 885 421 935 quemadmodum
434 886 488 923 lectio
501 886 588 935 frequens,
603 896 620 923 et
633 886 713 923 studium
725 888 788 924 ardens
798 889 891 937 scriptura-

129 978 130 982 ,
155 957 202 981 rum.
211 945 309 982 Enimvero
318 946 333 982 si
342 946 478 995 Omnipotcntis
488 944 578 993 beneficia,
588 959 632 995 quae
641 946 720 984 humano
727 946 814 995 impendit
823 948 890 996 generi,

72 2148 131 2175 Christus

44 2183 56 2209 in
66 2184 132 2218 scripturis

44 2225 82 2244 sacris
89 2227 132 2244 nosci·

44 2260 69 2280 lus.

70 2571 101 2607 Sap⁴
111 2569 131 2597 16.

156 1016 188 1052 per
201 1013 257 1041 totam
272 1004 306 1042 late
319 1005 425 1054 scripturam
434 1005 510 1053 legendo
524 1004 545 1041 ad
554 1006 660 1042 memoriam
669 1005 748 1043 studiosa
758 1006 854 1044 devotione
866 1020 891 1044 re-

156 1063 244 1108 ducimus,
254 1065 353 1111 materiam,
366 1075 383 1101 et
396 1066 509 1102 occasionem
521 1064 635 1119 praestabunt
644 1064 695 1102 nobis
709 1066 811 1113 mammam,
825 1079 859 1116 qua
872 1068 891 1104 in

156 1123 190 1159 Dei
203 1135 265 1160 amore
277 1137 309 1172 per
322 1124 493 1172 ampliusardentes
511 1124 630 1174 proficiamus.
644 1124 692 1162 Tota
708 1126 756 1162 enirn
773 1127 828 1163 series
845 1126 889 1164 divi-

156 1195 218 1219 narum
232 1184 361 1231 scripturarum
374 1183 416 1232 quid
430 1184 509 1220 continet
521 1184 575 1228 aliud,
585 1197 638 1233 quam
651 1193 719 1221 tentum
734 1184 822 1234 quendam
836 1184 891 1239 bono·

139 1252 196 1279 'rum
209 1244 298 1287 ordinem,
312 1257 357 1293 quae
369 1244 418 1280 Deus
431 1243 540 1287 hominibus
554 1243 582 1280 vel
599 1244 634 1280 iam
652 1245 745 1293 praestitit,
759 1244 787 1281 vel
804 1246 857 1281 etiam
871 1258 890 1282 se

155 1302 239 1340 daturum
253 1303 367 1352 repromisit?
381 1303 417 1339 Aut
431 1302 473 1352 quid
487 1313 517 1347 est,
532 1303 580 1352 quod
592 1315 625 1339 nos
638 1303 660 1340 ad
673 1303 787 1352 tolerantiam
800 1304 890 1342 malorum

155 1362 199 1399 adeo
209 1362 325 1400 corroborare
334 1372 392 1411 queat,
401 1372 418 1399 et
428 1362 527 1400 voluntarie
537 1362 610 1400 reddere
621 1364 714 1412 patientes,
723 1365 768 1401 sicut
782 1365 797 1401 si
809 1364 890 1413 legamus
924 1408 927 1413 Ι

155 1424 173 1460 in
186 1423 283 1472 Evangelio
293 1435 365 1471 passum
375 1424 479 1460 innocenter
488 1436 521 1472 pro
530 1421 582 1460 nohis
590 1423 624 1459 Dei
633 1423 705 1470 Filium,
714 1433 731 1460 et
740 1434 782 1473 post
791 1437 832 1460 eum
845 1436 891 1461 mar·

154 1493 215 1531 tyrum
224 1483 308 1519 victorias
317 1483 432 1519 sanctorum?
446 1482 498 1519 Sacra
506 1495 583 1532 namque
592 1483 679 1531 scriptura
688 1484 772 1527 continet,
782 1496 827 1532 quae
838 1482 889 1520 nobis

154 1542 176 1579 ad
189 1543 282 1579 scientiam
296 1541 391 1578 salutarem
404 1551 445 1578 sunt
453 1542 557 1589 necessaria,
571 1552 587 1579 et
601 1551 663 1578 monet
675 1555 715 1589 nos,
727 1542 770 1591 quid
783 1543 801 1579 in
814 1543 848 1579 hac
860 1556 890 1591 pe·
904 1535 906 1539 ’

154 1603 275 1651 regrinatione
288 1601 385 1638 militantes
394 1601 462 1638 utiliter
475 1601 569 1639 debeamus
579 1611 666 1651 appetere,
677 1603 720 1652 quid
729 1603 783 1639 etiam
796 1602 889 1641 declinare.

153 1663 201 1699 Hinc
214 1660 265 1698 divus
279 1661 345 1697 iterum
359 1660 401 1697 dicit
410 1660 539 1710 Hieronymus:
548 1661 625 1698 Nostrae
637 1661 707 1699 divitiae
720 1671 762 1699 sunt
775 1662 793 1699 in
807 1662 846 1711 lege
855 1663 889 1699 Dei

154 1721 237 1758 meditari
247 1720 280 1765 die,
290 1733 310 1756 ac
319 1721 512 1769 nocte.Praeparemus
522 1721 575 1770 igitur
584 1720 635 1757 nobis
642 1720 770 1766 fortitudinem,
778 1734 889 1759 assumamus

154 1780 206 1819 nobis
215 1780 315 1830 perfectum
325 1779 384 1824 robur,
394 1789 414 1816 ut
425 1781 471 1817 inter
482 1793 562 1818 errorum
572 1780 657 1824 tenebras,
667 1789 684 1817 et
694 1780 819 1818 confusionem
831 1783 889 1818 noctis

152 1840 236 1878 scientiae
245 1839 314 1876 Christi
327 1838 387 1876 lumen
400 1849 489 1887 appareat,
500 1839 577 1889 diesque,
592 1850 609 1876 et
622 1850 683 1876 noctes
694 1840 752 1877 lucem
763 1840 838 1878 habeant
850 1854 890 1890 pro·

154 1912 252 1950 tegentem,
267 1908 286 1936 ut
299 1899 387 1946 scriptura
405 1899 450 1935 duce
466 1898 488 1935 ad
505 1908 571 1935 terram
589 1909 668 1936 sanctam
685 1900 776 1949 pervenire
792 1900 888 1938 valeamus.

154 1960 247 2007 Quidnam
260 1959 294 1995 hac
306 1958 406 1995 eruditione
419 1958 495 1995 melius?
509 1958 551 2008 quid
564 1959 634 1995 suavius
644 1959 747 2008 disciplina?
758 1960 807 2004 Quid
820 1961 889 1999 dulcius

153 2020 233 2057 Domino
245 2028 308 2055 nostro
321 2018 361 2054 lesu
375 2017 452 2061 Christo,
467 2018 497 2067 qui
514 2030 556 2059 vera
573 2028 599 2054 est
616 2018 669 2063 salus,
683 2030 700 2055 et
717 2019 791 2057 dulcedo
809 2019 889 2058 fidelium

154 2079 266 2118 animarum?
280 2077 306 2114 Sit
319 2087 379 2113 autem
392 2075 443 2112 nobis
457 2077 560 2113 convivium
570 2077 661 2124 Christus3
674 2078 697 2114 sit
710 2078 763 2115 lectio
777 2092 826 2116 sacra
839 2079 888 2117 cibus

153 2149 219 2183 noster,
234 2147 251 2175 et
264 2148 324 2187 potus.
339 2135 389 2180 Quid
403 2136 451 2173 enirn
464 2146 523 2185 potest
536 2149 573 2173 esse
586 2137 623 2173 vita
637 2137 721 2174 monachi
738 2138 835 2176 sacerdotis
851 2140 890 2177 sine

153 2201 227 2238 scientia
241 2198 383 2248 scripturarum?
397 2197 488 2235 Christum
501 2210 538 2234 non
550 2198 597 2244 visu,
611 2211 647 2235 non
660 2199 726 2243 auditu,
740 2212 777 2236 non
789 2208 845 2246 tactu,
857 2200 888 2237 sed

153 2261 230 2298 lectione
244 2259 374 2307 scripturarum
388 2256 522 2306 cognoscimus,
536 2266 552 2293 et
566 2267 631 2306 quanto
649 2256 688 2306 plus
705 2257 781 2306 legendo
794 2258 815 2295 ad
828 2271 889 2296 veram

153 2319 246 2357 scientiam
264 2316 377 2367 proficimus,
391 2325 440 2352 tanto
458 2316 476 2352 in
492 2316 583 2364 scripturis
600 2316 664 2353 sanctis
682 2316 757 2364 amplius
775 2316 888 2355 delectamur.

153 2378 202 2424 Quid
216 2379 264 2415 enim
276 2376 351 2422 dulcius,
362 2388 415 2425 quam
425 2376 458 2412 Dei
467 2376 513 2412 scire
521 2375 638 2420 voluntatem,
649 2384 666 2412 et
675 2376 816 2424 promissionum
829 2378 888 2425 precia

152 2451 188 2476 non
203 2438 298 2486 ignorare?
312 2437 359 2474 Nam
372 2436 418 2472 sicut
431 2435 554 2484 Hieronymus
568 2434 615 2473 dicit:
625 2435 755 2485 Pinguissimus
768 2447 795 2472 est
808 2448 850 2484 ager
863 2436 888 2473 di-

152 2498 189 2535 vini
204 2497 299 2542 sermonis,
311 2496 341 2545 qui
355 2508 417 2532 omnes
431 2495 448 2531 in
462 2508 480 2531 se
494 2494 546 2531 habet
556 2494 633 2540 delicias
649 2504 666 2531 et
679 2494 856 2544 quicquidvolneriS,
867 2508 889 2532 ev

152 2558 185 2596 illo
198 2557 282 2602 nascitur,
295 2556 341 2592 sicut
354 2555 425 2592 tradunt
438 2554 504 2601 Iudaei,
517 2554 565 2604 quod
578 2567 642 2592 manna
654 2556 673 2592 in
686 2554 757 2592 deserto
774 2555 845 2604 quando
859 2568 888 2593 co·

155 2616 265 2660 medebatur,
274 2614 371 2653 secundum
386 2613 502 2659 voluntatem,
512 2625 529 2652 et
542 2614 649 2653 desiderium
661 2615 723 2653 inore
736 2613 815 2664 sapiebat
828 2627 888 2653 come·

153 2676 217 2717 dentis.
231 2675 304 2713 Divinas
322 2675 376 2724 igitur
394 2675 489 2726 scripturas
506 2675 569 2713 fratres
586 2677 621 2715 mei
638 2676 708 2726 saepius
724 2675 785 2725 legite,
800 2689 831 2727 per
844 2690 887 2727 quas
