1968 3023
92 154 127 191 ²⁰4
265 142 410 190 Quemadmodum
423 142 444 179 rit
453 142 554 193 sagieudruu
564 150 655 193 peccatura.

91 222 306 271 geritillurn,rreciabulis
320 222 399 261 studium
413 223 529 259 accomodare
541 224 622 273 turpium
636 234 734 273 poetarum.
749 225 787 269 Qui
800 239 827 262 se-

91 291 147 319 ctatur
157 294 207 329 varta,
221 295 312 331 rttrraquarn
326 283 359 320 erit
372 283 451 331 sapiens:
466 291 483 318 et
497 282 527 330 qni
541 283 611 320 curiosa
624 283 699 332 quaerit,
712 284 748 322 cito
762 284 827 322 defluet

89 342 108 378 in
117 351 216 390 peccatum.
230 342 310 379 Omnem
320 355 375 380 artatae
384 341 514 391 superstitionis
527 340 624 379 lectionem
637 354 707 390 semper
720 342 777 392 fugiat
788 357 827 381 mo-

89 401 167 446 nachus,
177 410 194 438 et
207 401 292 450 quicquid
301 415 337 440 non
350 400 432 438 conducit
441 400 462 437 ad
471 399 571 437 divinarum
585 403 679 439 scientiam
692 404 827 451 scripturarum,

89 461 152 498 viatori
162 469 224 497 nostro
234 461 284 497 omrai
295 471 376 509 ternpore
385 470 413 498 est
421 458 579 497 contemnendum.
594 460 681 509 Septimo,
690 462 755 498 viatori
764 471 826 500 nostro

90 521 189 558 iudicamus
202 519 254 557 valde
267 522 395 567 necessarium,
409 528 494 568 quatenus
508 528 525 555 et
538 532 609 566 sensus,
623 530 641 557 et
654 521 772 570 cogitationes
786 534 826 558 suas

90 579 186 628 prudenter
195 577 265 627 dirigat,
275 588 291 615 et
300 579 321 615 ab
331 578 381 615 otttni
391 578 534 626 concupiscentia
542 578 643 616 inordinata
653 580 745 617 custodiat.
754 580 826 617 Asellus

90 649 151 676 noster
164 647 259 687 proteruus
269 636 319 675 freno
330 636 433 685 disciplinae
447 636 554 674 coercendus
564 648 597 684 est,
607 651 629 675 ue
640 652 729 676 sessorem
743 640 826 689 spiritum

89 698 193 748 praecipitet
206 698 224 734 in
238 696 333 734 infernum.
348 696 385 740 Qui
398 709 416 734 se
430 695 519 733 ambulare
533 696 551 733 in
565 709 663 747 conspectu
674 699 752 736 videntis
766 699 826 736 omnia

54 805 56 807 Ι
90 769 161 806 semper
171 758 244 805 cogitat,
254 757 382 794 conscientiam
392 769 442 793 suam
451 770 519 805 purant,
529 766 546 794 et
555 757 642 795 mundam
653 771 725 795 summa
734 758 826 807 diligentia

90 825 189 854 conservat.
199 816 274 864 Semper
287 817 305 853 in
318 816 384 853 timore
392 817 467 853 Domini
480 816 542 864 vigilat
547 832 552 862 ;
562 830 632 866 semper
646 818 664 855 in
677 818 750 865 ieiunio,
760 827 777 855 et
790 817 826 855 abs-

89 876 163 913 tinentia
176 875 302 924 corpusculum
320 888 353 924 pro
371 888 431 913 amore
445 875 527 912 coelestis
542 877 608 924 patriae
622 877 702 926 castigat.
717 877 824 924 Monachus,

89 937 148 986 quise
158 936 271 984 peregrinum
285 935 371 984 agnoscit,
381 945 399 972 et
407 934 494 972 advenam
504 935 521 971 in
530 935 565 972 hoc
577 936 652 983 mundo,
663 936 745 974 coelestis
759 938 826 985 patriae

89 1008 180 1045 ratrrtquam
194 993 314 1041 obliviscitur,
328 995 412 1043 quoniam
426 994 470 1031 nihil
484 995 539 1031 ceruit
553 995 572 1031 in
585 995 613 1031 via
626 997 726 1044 praesentis
739 997 793 1041 vitae,
807 998 825 1034 in

89 1068 124 1105 quo
138 1055 208 1092 animus
220 1053 321 1091 delectetur.
335 1054 398 1090 Viator
411 1054 478 1090 etenim
491 1053 569 1103 prudens
582 1054 630 1091 nialla
643 1055 713 1092 uiarum
726 1055 825 1104 spectacula

91 1115 196 1160 considerat,
205 1112 250 1150 nihil
260 1126 301 1150 eum
310 1114 329 1150 in
337 1126 369 1149 sua
378 1113 518 1162 peregrinatione
531 1126 591 1150 rerum
603 1114 733 1151 transeuntium
744 1114 825 1162 delectat,

89 1175 120 1212 secl
133 1174 155 1211 ad
168 1172 222 1210 finem
236 1173 304 1209 itineris
318 1173 368 1210 oriani
385 1182 465 1220 ternpore
482 1173 564 1220 suspirat,
582 1173 658 1210 Dulcem
672 1187 744 1223 semper·
758 1176 825 1224 cogitat

89 1235 170 1284 patriam,
183 1232 261 1281 graviter
274 1231 309 1269 fert
322 1244 372 1268 suam
386 1231 495 1281 prolongari,
510 1231 538 1268 uel
551 1232 636 1270 retardari
650 1234 824 1282 peregrinationem

89 1304 106 1330 et
119 1292 186 1329 idcirco
202 1290 246 1328 nihil
259 1291 277 1327 in
291 1291 326 1328 hoc
339 1290 417 1337 tnundo,
431 1301 501 1339 praeter
514 1291 614 1328 Dominum
627 1292 687 1328 lesum
701 1290 766 1329 habere
780 1292 825 1332 desi-

89 1352 145 1398 derat,
158 1351 176 1387 in
190 1351 239 1387 cuius
253 1362 339 1398 apparere
358 1359 459 1399 conspectu·
473 1348 536 1385 sedulo
555 1348 633 1387 festinat.
654 1350 825 1388 Octavurnvviatori

88 1422 152 1449 nostro
165 1409 285 1446 necessarium
295 1418 321 1446 est
335 1407 403 1445 diuinae
416 1408 504 1445 charitatis
518 1409 621 1445 exercitium
635 1408 751 1447 indefessum.
764 1409 824 1447 Nemo

89 1471 137 1508 enim
152 1469 173 1507 ad
186 1468 280 1506 caelestem
293 1467 369 1516 patriam
382 1468 442 1504 venire
454 1467 527 1516 poterit,
540 1468 570 1516 qui
583 1480 593 1504 a
607 1468 698 1505 charitatis
714 1469 777 1505 itinere
791 1468 828 1506 dis:

89 1531 141 1568 cedit.
160 1528 240 1566 Charitas
258 1529 291 1565 Dei
309 1527 331 1565 ad
347 1527 406 1564 Deum
419 1528 447 1563 via
461 1537 497 1564 est:
510 1539 563 1576 quarn
577 1528 592 1564 si
605 1529 645 1577 quis
663 1529 681 1565 iu
698 1541 716 1565 se
733 1528 824 1566 ardentem

89 1589 153 1627 habere
170 1587 260 1637 neglexit,
275 1600 284 1623 a
297 1600 340 1624 vero
354 1587 417 1624 itinere
435 1587 516 1624 coelestis
530 1588 597 1636 patriae
615 1586 741 1625 miserabiliter
754 1589 824 1625 erravit.

89 1650 147 1696 Deus,
161 1648 218 1696 inquit
231 1647 323 1695 scriptura,
337 1645 412 1683 charitas
427 1656 452 1683 est
465 1657 482 1683 et
496 1647 526 1696 qui
539 1657 599 1684 manet
613 1648 632 1683 in
646 1647 740 1694 charitate,
753 1648 772 1684 in
785 1648 825 1685 Deo

89 1719 156 1755 manet,
170 1717 187 1744 et
202 1708 251 1743 Deus
266 1707 324 1743 ineo.
342 1705 379 1749 Qui
397 1714 457 1742 autem
470 1706 488 1741 in
506 1706 590 1743 charitate
606 1719 643 1743 nou
657 1715 694 1752 est,
708 1707 744 1743 iarn
761 1707 824 1755 procul

89 1768 161 1804 recessit
175 1779 184 1803 a
197 1766 225 1802 xia
242 1765 314 1812 salutis,
328 1774 345 1801 et
359 1764 450 1801 ambulans
464 1766 482 1802 in
497 1763 573 1802 tenebris
593 1776 720 1814 peccatorum,
732 1778 824 1815 nunquam

89 1826 183 1875 perveniet
197 1824 218 1862 ad
232 1836 314 1872 regnum.

220 1954 352 1991 Qrcctrruduroduru
362 1954 383 1983 stt
389 1954 485 1991 fregituduuc
492 1956 579 1991 peccalum.
605 1955 662 1985 Serum
677 1955 694 1984 V.
736 1973 739 1978 -

148 2074 223 2110 uorsrrs,
233 2061 294 2099 iratres
302 2063 344 2099 ‘ruci
357 2062 454 2099 charissimi
469 2076 538 2109 otrrtres,
553 2063 596 2113 quid
609 2063 631 2100 de
644 2063 767 2113 peccatoribus
781 2063 824 2100 dixit

92 2064 145 2168 A
160 2134 231 2160 sanctus
245 2123 320 2159 loannes
330 2121 440 2168 Apostolus:
452 2122 489 2167 Qui
502 2122 543 2159 facit
557 2132 656 2171 peccatum,
669 2135 691 2160 ex
704 2121 776 2160 diabolo
790 2131 823 2168 est,

88 2185 174 2234 quoniam
186 2182 207 2219 ab
221 2183 273 2219 initio
291 2180 372 2218 diabolus
389 2190 454 2229 peccat.
474 2182 578 2229 metuenda,
591 2191 608 2218 et
622 2183 699 2219 nimium
712 2181 824 2219 formidanda
879 2187 880 2190 ’

87 2243 180 2280 sententia.
194 2242 212 2279 Si
222 2254 291 2288 ornnes,
301 2240 332 2290 qui
345 2239 411 2277 faciunt
425 2251 523 2289 peccatum,
533 2254 554 2278 ex
565 2240 638 2279 diabolo
651 2250 699 2287 sunt,
709 2250 727 2277 et
735 2242 753 2278 in
762 2241 824 2278 multis

87 2302 196 2340 offendimus
209 2314 279 2347 ornnes,
290 2308 367 2349 quantos
381 2300 492 2336 inveniemus
501 2313 511 2336 a
519 2312 592 2349 peccato
602 2301 704 2337 immunes?
717 2300 765 2337 Dicit
778 2300 824 2337 nihi·

87 2361 166 2399 lorninus
179 2371 322 2409 vconsequenter:
341 2358 415 2402 Omnis,
430 2360 459 2407 qui
472 2369 523 2396 natus
537 2371 599 2397 estex
613 2360 662 2403 Deo,
676 2369 770 2408 peccatum
787 2373 824 2397 non

87 2420 141 2468 facit;
155 2422 241 2469 quoniam
254 2432 316 2456 semen
329 2418 385 2466 ipsius
395 2419 412 2454 in
422 2431 443 2454 eo
452 2428 520 2464 manet,
535 2429 552 2455 et
564 2431 601 2456 nort
614 2428 674 2467 potest
687 2431 767 2466 peccare,
781 2432 824 2468 quo·

87 2482 134 2517 niam
149 2493 170 2518 ex
183 2480 223 2516 Deo
235 2489 287 2515 iratus
301 2488 332 2515 est.
346 2477 462 2513 Praemiserat
475 2488 534 2514 autern
548 2478 617 2515 dicens:
631 2478 649 2514 Si
663 2478 766 2524 dixerimus,
780 2491 824 2527 quo-

87 2540 134 2576 niam
152 2551 188 2576 raon
203 2538 289 2575 habemus
305 2546 407 2586 peccatum,
420 2536 454 2583 ipsi
467 2549 500 2573 nos
514 2536 616 2574 seducimus
630 2546 647 2574 et
661 2537 726 2573 veritas
739 2538 756 2574 in
771 2536 823 2573 nobis

87 2612 123 2637 raon
136 2609 168 2637 est.
186 2599 235 2643 Quid
252 2597 285 2635 sibi
298 2598 336 2635 vult
350 2596 393 2633 haec
405 2597 443 2645 ipsa
457 2597 581 2643 contradictio,
596 2607 615 2634 ut
629 2610 682 2634 uento
695 2596 774 2635 filiorum
788 2597 822 2638 Dei

87 2660 110 2696 sit
126 2659 192 2708 absque
209 2667 290 2709 peccato,
305 2668 322 2696 et
339 2667 432 2707 peccatum
447 2670 484 2695 non
499 2656 560 2703 iaciat,
574 2658 605 2708 qui
620 2666 647 2695 est
664 2665 715 2695 natus
733 2670 754 2695 ex
771 2657 824 2695 Deo?
