1968 3023
26 274 60 301 Eccl.
68 282 88 301 ro.

28 338 87 364 Iustitiae

0 372 28 398 ive
45 373 86 399 chari-

6 407 29 433 atis
35 408 86 442 gradus.

111 188 144 232 182
183 222 184 225 ,
305 186 354 233 Quod
366 194 412 223 torale
425 187 447 222 sit
459 187 542 224 tttottacbis
554 188 648 225 bibendam.

107 266 135 301 vir
148 267 227 314 sapiens:
241 267 323 316 Regnum
337 280 345 302 a
359 276 412 315 geute
426 267 443 302 in
457 277 528 315 gentem
542 265 645 303 transfertur
660 278 732 317 propter
743 269 843 316 iniustitiae,

108 336 125 361 et
138 326 216 370 iniurias,
230 336 247 363 et
261 325 382 370 contumelias,
397 339 416 362 ac
432 325 512 363 diversos
529 325 585 363 dolos.
599 326 650 363 Ordo
668 327 747 365 iustitiae
765 331 842 377 primum

107 385 180 432 respicit
192 386 259 431 Deum,
270 385 333 422 deinde
346 386 428 434 patriam,
438 384 501 422 exinde
515 396 602 434 parentes,
613 395 674 434 postea
685 399 747 424 omnes
762 389 779 424 in
793 402 842 426 com-

107 444 158 480 muni
172 444 270 482 secundum
286 444 410 482 distinctiones
423 444 519 494 graduum,
534 454 550 480 et
564 446 626 481 merita
644 445 757 495 dignitatum.
771 448 810 485 Deo
823 450 841 486 in

106 503 169 551 primis
183 504 250 541 iustitia
260 504 337 541 dictante
346 503 432 540 debemus
441 503 552 553 religionem,
563 503 621 547 fidem,
634 504 709 551 cultum,
721 506 840 551 devotionem,

106 575 123 599 et
132 563 230 612 gratiarnm
240 565 324 609 actiones,
334 574 350 600 et
359 576 419 600 veram
430 576 451 599 ex
459 573 498 600 toto
508 564 561 600 corde
569 563 601 599 sub
611 563 712 601 obedientia
720 565 840 604 dilectionem.

105 621 164 660 Nobis
178 623 240 661 deinde
254 624 348 672 puritatem
361 623 435 668 inentis,
450 633 468 659 et
484 624 569 671 corporis,
584 624 711 661 continentiam
728 638 768 663 cum
782 626 840 664 studio

61 686 64 690 '
105 682 230 730 perfectiouis,
245 683 314 732 quoad
328 682 378 719 illum
392 681 444 719 nobis
458 696 489 730 per
502 682 620 720 obedientiam
635 684 692 721 redire
705 685 765 732 liceat,
781 701 790 723 a
804 700 839 736 qno

22 1751 78 1787 Tempe·

5 1786 36 1813 ntia.

6 2117 75 2143 Discretio.

7 2521 73 2547 Horatius.

3 2644 71 2671 Fortitudo

2 2679 63 2739 hp'sriaua

6 2722 9 2739 r
19 2732 23 2739 .

105 742 159 778 creati
172 755 240 779 strmus.
254 743 316 779 Tertio
330 742 375 785 loco,
391 742 458 790 patriae
475 741 559 779 debemus
576 743 699 791 commodum,
713 744 807 791 honorem,
822 757 839 783 et
851 782 852 785 ,

104 800 234 845 defensionem,
248 802 326 850 eiusque,
340 811 427 849 quantum
441 813 542 849 possumus,
556 814 596 837 cum
610 803 646 849 ipsa
661 804 728 840 iustitia
744 817 839 852 procurare

104 860 207 897 utilitatem.
221 861 297 906 Quarto,
310 859 411 910 parentibus
425 870 507 897 tenemur
521 859 602 897 exhibere
616 861 709 906 honorem,
724 873 741 900 et
757 863 838 901 ohedien-

103 920 153 964 tiam‚
167 920 216 956 etin
230 933 292 957 eorum
309 921 414 956 necessitate
432 932 498 965 cur‘am,
512 929 529 955 et
542 919 665 957 omnimodam
684 924 837 961 sustentationem.

103 979 179 1023 Quinto,
193 980 283 1027 praelatis,
297 988 313 1016 et
326 977 448 1027 superioribus
462 980 526 1016 nostris
540 977 624 1015 debemus
633 979 761 1027 obedientiam,
776 993 792 1019 et
806 984 837 1020 hu-

104 1038 166 1075 milem
184 1051 216 1087 pro
234 1051 294 1076 arnore
308 1038 374 1075 Christi
392 1037 528 1074 subiectionem.
541 1038 599 1081 Sexto,
613 1037 699 1076 debemus
717 1041 790 1088 praelati
807 1042 837 1080 do-

103 1099 185 1142 ctrinam,
199 1109 216 1135 et
230 1097 312 1146 pabulum
325 1097 407 1151 subditis,
418 1098 582 1145 correctionemque
592 1096 740 1149 delinquentibus.
751 1101 836 1149 Septimo,

103 1168 163 1194 autem
173 1158 219 1202 loco,
229 1157 313 1194 debemus
323 1157 428 1202 maioribus,
439 1168 455 1193 et
466 1157 573 1205 principibus
583 1157 678 1203 honorem,
689 1170 707 1195 et
716 1160 753 1196 sine
763 1162 836 1199 crimine

102 1229 135 1264 pro
148 1217 182 1252 Dei
195 1229 256 1253 amore
270 1215 406 1253 subiectionem.
420 1215 496 1258 Octavo.
511 1214 593 1252 debemus
607 1216 738 1254 venerabilibus
756 1221 836 1267 personis

101 1276 226 1319 reverentiam,
237 1285 254 1312 et
263 1274 385 1312 sacerdotibus
394 1275 488 1311 honorem.
498 1273 632 1322 Consequenter
641 1276 746 1324 aequalibus
755 1288 836 1315 tenemur

101 1344 190 1381 praestare
204 1335 306 1379 amicitiam,
319 1332 433 1369 inferioribus
447 1333 574 1380 dignationem,
589 1331 730 1371 benefactoribus
743 1336 834 1374 uicissitu-

101 1393 168 1437 dinem,
182 1393 243 1430 amicis
257 1394 412 1437 communitatem,
426 1392 503 1429 inimicis
518 1385 627 1439 patientiam,
642 1393 750 1440 pauperibus
767 1397 835 1433 miseri-

101 1452 186 1496 cordiam,
200 1453 268 1490 miseris
282 1452 430 1497 consolationem,
445 1450 528 1488 omuibus
545 1451 653 1488 charitatem.
667 1453 717 1489 Haec
734 1464 794 1491 autem
808 1466 834 1492 est

101 1524 143 1549 vera
156 1512 228 1554 iustitia,
242 1525 276 1560 qua
289 1512 346 1550 Deum
360 1524 382 1547 ex
396 1520 435 1547 toto
454 1510 507 1546 corde
521 1518 592 1558 propter
609 1511 688 1559 seipsum
707 1511 803 1561 diligimus,
817 1525 834 1551 et

100 1573 204 1620 proximum
218 1582 299 1609 nostrum
312 1573 330 1608 in
343 1572 390 1615 Deo,
401 1570 447 1607 sicut
460 1571 586 1618 nosmetipsos,
596 1572 678 1608 inimicus
687 1582 748 1608 autem
762 1584 834 1622 propter

99 1631 167 1673 Deum3
181 1630 307 1667 distribuentes
320 1631 416 1679 unicuique
426 1629 473 1678 quod
487 1628 520 1665 sibi
534 1630 571 1666 iure
580 1629 659 1672 debetur,
670 1632 751 1668 omnium
762 1633 833 1670 utilitati

99 1690 221 1739 providentes
229 1690 263 1727 Sed
272 1703 313 1726 cum
321 1691 377 1726 nimia
386 1690 452 1726 iustitia
461 1688 512 1725 facile
521 1689 597 1725 incurrat
606 1700 707 1738 peccatum,
717 1694 833 1740 temperantia

99 1750 183 1787 omnibus
196 1749 247 1787 vobis
260 1750 356 1787 necessaria
366 1760 400 1795 est,
411 1762 456 1798 quae
470 1749 506 1786 sola
515 1749 603 1795 perfectos
612 1750 660 1786 facit.
670 1750 702 1786 Est
715 1759 774 1787 autem
789 1763 831 1788 tern-

98 1810 178 1857 perantia
191 1810 246 1846 virtus
260 1810 327 1847 rarione
341 1809 449 1854 discernens,
463 1819 480 1845 et
493 1809 565 1845 vincens
579 1809 632 1845 animi
646 1819 713 1853 motus,
729 1820 746 1846 et
760 1823 832 1848 omnem

97 1867 195 1913 libidinem,
209 1882 231 1905 ne
244 1871 320 1917 impetus
334 1870 351 1905 in
365 1859 434 1917 agendo
445 1868 516 1905 excedat
528 1868 573 1916 legis
582 1868 694 1917 aequitatem
704 1869 832 1919 Temperantia

97 1929 154 1965 virtus
164 1929 232 1978 optima
241 1928 362 1976 voluptatibus
372 1929 454 1976 imperat,
464 1938 480 1964 et
490 1928 580 1964 omniaiu
592 1928 654 1964 ordine
664 1926 724 1965 debito
734 1941 830 1967 conservat.

97 1986 187 2024 Omnibus
201 1987 218 2023 in
232 1986 336 2031 actionibus,
346 1985 405 2024 verbis
415 1999 486 2035 quoque
500 1997 517 2022 et
530 1986 667 2035 cogitationibus
676 1989 740 2024 vestris
750 1988 830 2026 adhibete

96 2047 238 2094 temperantiam,
253 2056 270 2082 et
286 2047 403 2082 necessariam
422 2044 517 2081 virtutibus
534 2046 666 2083 discretionem.
678 2045 772 2096 Quicquid
789 2047 830 2085 boni

96 2119 138 2142 cum
148 2106 254 2143 discretione
263 2106 346 2151 feceritis,
357 2106 429 2142 virtutis
439 2107 504 2142 merito
513 2104 619 2142 vocabulum
629 2107 702 2154 accipit:
713 2107 761 2154 quod
771 2117 829 2145 autem

95 2165 115 2202 fit
129 2166 167 2203 sine
181 2166 294 2211 discretione,
305 2166 366 2202 vitium
378 2175 403 2201 est
414 2164 514 2201 dicendum.
524 2165 613 2200 Discretio
623 2165 733 2202 moderatrix
744 2167 829 2203 virtutum

95 2236 122 2262 est
131 2226 219 2272 omnium,
232 2235 247 2262 et
257 2226 354 2262 nummum
364 2223 475 2273 prudentiae,
485 2236 503 2259 ac
512 2224 589 2259 iustitiae
599 2233 730 2261 ornamentum.
741 2224 829 2263 Discretio

94 2297 131 2321 non
140 2284 200 2321 solum
209 2284 297 2333 praelatis,
307 2284 337 2320 sed
347 2284 401 2320 etiam
410 2283 485 2320 subditis
494 2292 520 2318 est
531 2283 637 2325 necessaria
648 2284 734 2331 quoniam
748 2284 785 2332 ipsa
794 2285 828 2321 vir-

94 2342 162 2380 tutibus
172 2344 200 2380 dat
209 2345 294 2387 ordinem,
302 2342 424 2380 affectionibus
435 2341 502 2379 confert
511 2342 624 2386 modestiam,
631 2351 648 2378 et
656 2342 724 2378 cunctis
733 2342 828 2381 hominurn

94 2403 173 2440 consiliis
186 2403 246 2440 tribuit
256 2402 337 2440 decorem
350 2402 500 2450 pulcherrimum,
511 2413 527 2438 et
537 2400 655 2438 honestatem.
665 2401 712 2437 Hinc
721 2402 792 2451 quidam
802 2416 828 2440 sa-

94 2463 145 2510 piens
160 2463 211 2500 dixit:

265 2512 290 2541 Est
301 2512 352 2541 modus
363 2513 378 2541 in
389 2512 439 2541 rebus:
451 2519 485 2541 sunt
495 2512 529 2540 certi
540 2510 599 2549 denique
610 2510 652 2545 fines,

266 2561 307 2595 Quos
319 2561 355 2590 ultra
368 2561 431 2599 citraque
442 2562 492 2599 nequit
502 2561 580 2590 consistere
591 2566 651 2589 rectum.

92 2640 121 2676 nd
135 2639 169 2677 hoc
187 2641 241 2677 animi
258 2640 344 2677 fortitudo
362 2639 414 2676 uobis
432 2641 529 2676 necessaria
543 2649 573 2682 est,
588 2638 660 2683 fratrem
674 2651 705 2686 per
719 2652 772 2688 quarn
790 2653 825 2677 non

91 2698 151 2734 solum
165 2709 265 2735 constantes
279 2698 380 2735 efficiamini
394 2699 412 2734 in
425 2698 510 2743 adversis,
519 2697 550 2734 sed
563 2698 616 2734 etiam
629 2698 715 2745 prompti,
729 2708 746 2734 et
759 2698 824 2736 alacres
