1968 3023
360 119 361 123 Ἰ
398 131 475 170 Humilia
489 131 511 168 H.
803 138 824 174 17

87 216 134 254 idem
148 213 280 263 Christophilus
293 214 324 251 ait:
338 211 387 251 Volo
397 224 429 249 vos
438 211 477 248 sine
486 208 599 247 solicitudine
609 221 653 245 esse.
662 206 692 245 Tu
702 219 745 255 ergo
755 205 822 243 Christi
845 211 856 228 Ι·
868 210 932 272 pogii-

87 276 145 321 miles,
159 275 188 325 qui
202 273 293 311 contendis
306 274 324 310 in
337 285 394 323 agone
408 269 509 308 certaminis
523 267 628 318 quotidiani,
639 277 658 304 ut
668 279 728 303 coram
738 266 777 302 Deo
792 275 823 302 tuo
844 272 882 313 bus,
893 271 932 313 eriri-

87 334 158 372 tandem
172 334 188 371 in
203 343 295 370 aeternum
312 343 394 380 appareas
407 329 503 379 gloriosus,
517 325 689 378 gymnosophistam
703 325 772 367 imitare
786 336 824 361 cor·
844 312 932 376 fffifspfflj

87 392 194 442 ruptibilern‚
208 393 238 441 qui
252 391 342 429 decertans
356 391 373 427 in
387 402 451 438 agone,
461 401 495 437 pro
509 385 621 436 corruptibili
634 384 706 435 quidem
721 396 792 429 corona,
802 396 824 420 ne
844 383 889 438 ξιᾞζζθ
905 385 932 403 ⁶²*

87 453 172 498 vincatur,
185 451 206 488 ab
220 451 302 489 omnibus
315 463 334 487 se
348 449 428 494 abstinet,
442 459 461 485 ut
473 447 539 493 nudus,
555 457 571 483 et
584 446 630 483 liber
643 444 745 493 expeditius
759 454 823 481 currat.

88 512 148 561 ltaque
157 512 172 548 si
181 511 227 548 viam
236 510 270 548 Dei
279 508 368 547 ambulare
377 509 396 546 in
405 521 446 546 vera
455 507 532 558 puritate
543 505 639 551 desideras,
648 505 663 541 si
672 505 743 541 vincere
753 503 824 541 hostem

87 572 105 608 in
118 585 175 620 agone
188 570 289 608 certaminis
303 580 360 619 optas,
379 570 445 618 proiice
462 568 492 605 abs
510 577 527 605 te
545 567 606 603 onmia
619 567 727 602 vestimenta
741 576 823 600 curarum

87 631 205 675 terrestrium,
220 629 328 679 capillosque
342 630 410 677 depone
425 641 487 666 omnes
498 626 594 664 carnalium
604 625 725 674 voluptatum.
736 624 823 673 Quisquis

87 691 135 727 eninr
148 688 224 737 capillis,
234 698 251 726 et
263 689 374 726 vestimentis
383 701 392 725 a
402 701 420 725 se
433 688 518 736 proiectis
532 685 590 723 nudus
604 697 676 722 currere
691 683 764 730 didicit,
778 682 823 720 nihil

88 758 156 799 praeter
169 747 270 786 absolutum
280 761 351 796 corpus,
364 762 400 797 quo
413 748 469 784 teneri
483 757 537 795 queat
550 746 571 783 ab
585 744 691 789 adversario,
706 743 822 781 circunducit,

87 809 176 857 Numqui
190 807 247 845 nudus
261 808 321 852 currit,
340 808 390 845 ouuri
407 821 426 845 se
443 806 558 844 solicitudine
575 805 660 855 spoliavit
678 818 737 842 rerum
754 805 822 841 circun-

87 869 209 916 strepeutium,
217 878 234 905 et
241 867 285 904 nihil
294 867 346 911 aliud,
355 880 407 917 quam
415 866 509 904 victoriam
520 866 594 915 cogitat,
608 877 641 901 nec
650 865 693 914 quid
702 865 774 902 interim
784 877 822 913 pae-

87 940 118 964 nes
127 939 205 964 uxorem
211 936 288 975 geratur,
297 926 379 963 autfilios
389 934 443 962 curat.
452 926 495 962 Non
504 920 545 961 euna
555 934 629 961 revocat
638 938 647 961 a
657 936 715 968 cursu,
726 924 821 973 quicquam

87 986 214 1033 praesentium,
223 998 258 1022 raon
269 984 344 1021 deterret
353 983 421 1032 agilitas
431 985 529 1029 sociorum,
540 984 586 1019 inter
594 982 661 1020 multos
671 982 763 1019 contendit
772 982 822 1031 quasi

87 1044 141 1088 solus,
154 1044 176 1081 ad
189 1044 289 1092 praemium
302 1041 373 1080 festinat
384 1041 467 1079 anhelans
479 1043 529 1090 quasi
539 1050 603 1079 certus.
613 1041 666 1077 Hunc
675 1041 745 1078 imitate
754 1040 822 1077 Christi

87 1103 138 1139 miles
151 1104 169 1139 iu
182 1101 269 1150 spirituali
287 1102 392 1147 certamine,
408 1100 465 1138 nudus
483 1101 501 1137 in
519 1113 571 1137 cruce
589 1100 697 1150 pendentem
710 1100 822 1138 Salvatorem

86 1162 154 1200 nudum
168 1160 294 1209 contemplare,
304 1170 390 1209 quatenus
404 1169 452 1197 tanto
465 1159 534 1196 facilius
548 1159 670 1196 adversarium
679 1172 733 1208 queas
746 1169 823 1208 proster-

87 1234 133 1265 nere,
147 1230 214 1270 quauto
227 1220 287 1257 minus
300 1218 321 1256 de
335 1209 397 1256 mundi
409 1216 516 1255 vanitatibus
529 1228 547 1255 te
560 1217 625 1255 viderit
633 1217 704 1256 habere.
713 1218 777 1257 Nudus
790 1219 823 1256 ita-

87 1294 127 1329 que,
140 1279 189 1325 levis,
203 1288 221 1315 et
234 1278 325 1327 expeditus
339 1292 360 1315 ex
374 1269 428 1315 omni
436 1288 486 1326 parte
499 1277 569 1321 dimica,
583 1277 651 1322 nudus,
666 1287 683 1314 et
696 1277 788 1316 absolutus
801 1278 822 1316 ab

63 1348 64 1351 ’
87 1337 169 1376 omnibus
183 1338 201 1374 in
214 1338 289 1375 Caelum
301 1338 347 1375 vola.
361 1336 424 1374 Nudus
441 1338 458 1374 iu
476 1337 525 1374 huuc
541 1337 630 1374 nnrrrdum
643 1338 717 1382 venisti,
733 1338 791 1375 nudus
804 1340 823 1375 in

87 1408 151 1435 tertam
165 1397 269 1450 reversurus
282 1411 306 1434 es.
319 1398 368 1434 Haec
381 1396 443 1433 fratres
456 1397 491 1434 mei
503 1396 566 1434 sedulo
577 1397 677 1446 cogitantes
686 1397 711 1434 sic
721 1398 793 1445 currite,
802 1407 822 1435 ut

86 1458 141 1495 vitam
155 1455 310 1505 comprehendatis
323 1467 413 1494 aeternam
427 1469 467 1493 cum
481 1455 564 1494 omnibus
577 1457 649 1494 sanctis.
663 1457 728 1495 Amen.

216 1587 259 1622 Quae
270 1586 291 1616 stt
300 1588 384 1616 castratura
394 1586 460 1616 militiae
469 1586 563 1624 spiritualis,
574 1586 647 1616 Harar'lr'a
657 1586 692 1617 III.

88 1706 194 1793 Siluorum
204 1694 319 1744 Apostolum,
333 1694 396 1732 iratres
410 1695 517 1742 charissimi,
525 1694 579 1732 hodie
593 1695 694 1732 audivimus
703 1696 725 1733 ad
734 1696 822 1745 Ephesios

126 1755 143 1791 in
158 1754 232 1803 epistola
245 1753 356 1792 scribentem.
370 1753 440 1791 induite
452 1767 485 1791 vos
499 1763 608 1792 armaturam
616 1754 656 1801 Dei,
664 1764 684 1791 ut
692 1756 766 1804 possitis
775 1766 821 1794 stare

87 1814 169 1851 adversus
183 1813 255 1850 iusidias
269 1813 339 1857 diaboli,
352 1814 437 1863 quoniam
452 1827 489 1851 nou
506 1824 533 1851 est
551 1814 602 1851 nobis
620 1814 723 1853 colluctatio
737 1815 821 1855 adversus

87 1885 163 1921 caruero,
177 1881 194 1909 et
208 1872 319 1921 sanguinem,
332 1874 362 1910 sed
375 1872 459 1910 adversus
472 1874 570 1922 Principes,
586 1883 603 1910 et
617 1883 723 1923 potestates,
737 1875 822 1913 adversus

87 1932 149 1969 mundi
162 1941 238 1969 rectores
252 1931 364 1987 tenebrarum
377 1931 450 1970 harum:
464 1943 526 1969 contra
539 1933 626 1980 spiritalia
637 1934 727 1983 nequitiae
736 1935 755 1972 in
763 1936 822 1973 coele-

87 1990 147 2028 stibus.
161 1991 257 2039 Propterea
271 1991 345 2038 accipite
362 2002 469 2027 artuaturam
482 1991 525 2036 Dei,
543 2000 562 2027 ut
580 1992 652 2041 possitis
666 1993 748 2031 resistere
761 1995 779 2031 in
793 1995 821 2032 die

87 2049 140 2094 nralo,
151 2059 168 2086 et
179 2049 196 2086 in
208 2048 291 2087 omnibus
304 2049 376 2098 perfecti
390 2059 442 2086 stare.
458 2049 509 2094 Quae
522 2059 583 2087 autem
596 2051 618 2087 sit
632 2060 723 2089 armatura
732 2053 772 2100 Dei,
781 2053 821 2091 sub-

88 2109 149 2158 iungit.
163 2109 211 2146 State
225 2122 267 2159 ergo
281 2110 365 2147 succincti
378 2109 448 2146 lumbos
457 2120 525 2147 vestros
534 2112 552 2147 iu
561 2112 642 2157 veritate,
652 2122 668 2148 et
677 2112 736 2149 induti
747 2113 821 2150 loricam

87 2168 170 2214 iustitiae,
183 2177 200 2205 et
214 2168 281 2205 calciati
291 2168 343 2217 pedes
352 2170 370 2205 in
379 2170 533 2218 praeparationem
546 2169 636 2220 Evangelii
647 2171 700 2219 pacis,
711 2173 728 2208 in
738 2171 821 2209 erunibus

38 2263 39 2267 ,
87 2237 178 2265 sumentes
191 2239 262 2265 scutum
276 2228 321 2272 fidei,
331 2230 349 2266 in
360 2242 395 2278 quo
405 2230 477 2278 possitis
487 2231 547 2267 onmia
560 2230 595 2266 tela
608 2231 714 2279 nequissimi
727 2231 778 2280 ignea
792 2245 821 2269 ex-

87 2287 177 2337 tinguere:
190 2296 207 2324 et
220 2287 288 2337 galeam
302 2288 363 2325 salutis
376 2289 467 2335 assumite,
478 2297 495 2326 et
509 2288 588 2338 gladium
597 2290 678 2337 spiritus,
689 2291 738 2340 quod
747 2302 773 2329 est
783 2305 820 2330 vet-

87 2345 129 2384 bum
138 2347 180 2385 Dei:
190 2359 220 2394 per
230 2360 302 2385 omnem
312 2348 440 2392 orationemet
449 2347 590 2385 obsecrationem
601 2360 672 2386 orantes
681 2351 730 2387 omni
739 2360 821 2401 tempore

87 2406 104 2442 in
118 2407 186 2454 spiritu,
200 2417 217 2443 et
230 2408 248 2444 iu
261 2407 300 2456 ipso
313 2407 406 2455 vigilantes
420 2408 437 2443 in
451 2407 501 2444 ouini
514 2408 604 2451 instantia,
619 2417 636 2444 et
650 2407 774 2447 obsecratione
788 2424 820 2459 pro

88 2464 169 2503 omnibus
183 2467 254 2503 sanctis.
267 2466 295 2503 Ad
309 2465 478 2502 Thessalonicenses
492 2479 563 2515 quoque
573 2466 656 2503 similiter
665 2468 698 2506 ait:
708 2468 746 2506 Nos
756 2480 820 2515 autem,
843 2480 854 2497 1·
862 2470 902 2498 Thes.
910 2479 920 2506 5·

87 2527 116 2575 qui
130 2526 163 2576 Dei
176 2539 245 2572 sumus,
260 2526 314 2563 sobrii
327 2527 388 2569 simus,
402 2525 459 2563 induti
471 2527 545 2565 loricam
559 2526 606 2574 fidei,
616 2537 633 2565 et
647 2528 747 2568 charitatis:
761 2541 778 2568 et
792 2544 822 2579 ga-

87 2584 132 2622 leam
145 2597 194 2633 spem
209 2585 276 2622 salutis.
286 2586 333 2622 Haec
345 2595 385 2621 sunt
398 2598 452 2631 aratia,
461 2586 529 2630 fratres,
540 2586 603 2635 quibus
612 2587 670 2625 induri
679 2589 745 2626 milites
754 2590 822 2628 Christi

86 2657 160 2681 saeuum
170 2642 257 2682 debellant
266 2644 392 2692 adversarium,
399 2645 442 2683 haec
451 2655 491 2683 sunt
501 2646 632 2685 Monachorum
642 2648 719 2698 insignia
725 2650 819 2687 virtutum:
