1968 3023
146 158 168 194 68
338 158 364 194 De
377 158 473 207 quotidiano
487 158 575 196 cartamine
588 160 687 197 tentationis.

145 237 230 274 indicium
244 246 276 283 est,
292 239 306 274 si
320 237 376 275 homo
390 238 502 275 Christianus
516 238 569 275 variis
583 237 718 275 adversitatibus
732 238 750 275 in
763 237 797 275 hoc
814 238 881 275 mundo

146 296 253 343 percutitur,
268 298 297 346 qui
311 309 354 345 pura
368 297 477 334 conscientia
494 298 533 335 Deo
551 298 629 334 serviens
643 299 661 334 in
674 310 715 335 vera
728 297 828 335 humilitate
842 299 880 336 sine

145 358 243 395 offensione
257 369 377 397 conversatur.
390 360 500 408 Frequenter
510 360 557 397 enim
567 360 670 397 misericors
683 360 732 397 Deus
746 373 782 404 ρος,
796 373 841 410 quos
855 360 880 398 di-

144 416 191 466 ligit,
205 418 258 454 variis
276 418 334 455 enodis
348 419 366 455 in
379 418 413 456 hoc
428 419 496 456 memdo
510 420 598 468 pereutit,
612 419 675 469 quibus
689 430 759 457 aeterna
772 420 850 469 praemia
864 421 881 457 in

145 476 195 513 coelo
214 478 331 526 praeparavit.
346 479 440 523 Quosdam
453 491 507 525 vero,
521 480 579 516 sciens
596 479 674 516 rntdtnm
693 492 746 527 posse
764 493 845 528 peccate,
859 493 881 517 ne

145 545 223 584 peccent,
238 536 339 574 infirmitate
353 538 433 585 corporis
447 548 571 587 praeoccupat,
585 548 603 574 et
617 540 634 576 in
647 538 722 576 salutem
736 552 799 577 eorum
813 539 882 577 miseri-

146 597 222 634 corditer
235 597 316 646 flagellat,
325 611 396 635 cernens
406 611 470 635 eorum
480 598 572 636 animabus
582 600 642 636 urilins
652 612 691 637 esse
700 599 814 648 languoribus
824 599 881 649 frangi

145 657 166 693 ad
180 658 263 701 salutern,
278 671 330 707 qutun
344 658 403 695 vivere
418 658 516 695 incolumes
533 658 554 695 ad
572 659 711 696 darnoationena
725 659 775 697 Alios
789 659 828 696 vult
842 672 880 696 esse

146 730 237 766 pauperes,
247 730 290 766 quos
304 717 396 766 praenovit
409 717 477 755 divitiis
487 718 512 755 nti
522 731 558 755 non
568 718 650 768 possead
660 719 741 766 salntem.
756 719 818 756 Multis
832 719 879 755 enim

146 776 198 813 hrrins
211 776 272 814 rtrundi
286 790 334 826 opes,
344 786 396 826 atque
406 777 479 815 divitiae
489 790 559 815 causam
573 788 654 815 aeternae
668 778 786 815 damnationis
799 777 881 827 praebue-

146 846 192 873 runt.
207 835 257 873 Unde
270 846 340 874 sanctus
353 836 400 886 Papa
413 837 512 885 Gregorius
521 837 586 874 iterum
596 837 643 875 dicit.
658 837 724 875 Meiros
738 850 769 874 sna
783 839 833 887 peius
846 838 882 875 foe·

145 894 201 931 licitas
215 897 285 941 stravit,
298 896 365 933 nmltos
378 896 461 933 diuturna
475 897 579 946 perstrictos
593 897 681 934 reddidit:
697 910 753 947 eoque
767 896 807 934 illos
820 897 880 945 inopi-

145 965 197 991 natus
207 954 262 992 hostis
271 955 341 1005 gravius
350 956 435 1004 percellit,
448 969 484 1005 quo
498 956 553 1005 longo
566 957 631 1005 quietis
644 969 677 993 usu
690 956 799 1005 negligentes
808 956 881 993 invenit.

146 1015 197 1053 Unde
211 1017 264 1053 sancti
279 1016 311 1053 viri
326 1029 366 1052 cum
380 1016 435 1053 rnrrlta
452 1029 471 1053 se
489 1016 574 1064 prolicere
589 1017 675 1053 virtutum
689 1016 806 1065 prosperitate
819 1016 880 1053 consi-

146 1076 213 1121 derant,
227 1075 303 1124 quodam
318 1088 403 1125 supernae
417 1075 554 1125 dispensationis
568 1076 690 1113 moderamine
706 1076 782 1113 exerceri
795 1089 814 1113 se
827 1076 880 1112 etiam

146 1135 272 1172 tentationibus
281 1135 366 1181 ertrlrant,
377 1136 417 1184 quia
431 1144 480 1172 tanto
495 1134 585 1172 robustius
599 1145 690 1184 acceptam
704 1136 791 1172 virtutum
804 1135 879 1183 gloriam

146 1195 254 1238 custodiunt,
265 1204 331 1244 qurnrto
345 1195 447 1231 tentationis
461 1195 539 1242 impulsu
553 1195 635 1231 concussi
649 1194 769 1231 infirmitatem
783 1206 833 1231 suant
847 1193 879 1231 lm-

146 1254 206 1291 milius
222 1264 326 1303 agnoscunt.
340 1253 495 1302 Compendiosum
509 1254 543 1290 iter
557 1252 578 1290 ad
592 1253 683 1290 Christum
697 1263 723 1289 est
737 1254 765 1290 via
778 1252 883 1291 tribulatio*

146 1315 179 1360 nis,
193 1324 211 1350 et
224 1315 282 1356 citius,
292 1326 345 1363 quam
356 1314 373 1351 in
382 1313 516 1363 tranquillitate,
526 1313 543 1349 in
554 1326 576 1349 eo
586 1313 678 1361 reperitur.
688 1313 735 1349 Dicit
750 1313 796 1349 enim
811 1321 881 1349 sanctus

145 1373 215 1422 praesul
229 1373 341 1410 Arrrbrosins.
354 1372 407 1409 Melti
420 1382 468 1418 suot,
477 1373 508 1421 qni
521 1372 539 1408 in
553 1373 593 1408 ocio
602 1381 689 1421 qrnrernnt
702 1371 800 1417 Christum,
816 1383 832 1408 et
845 1384 880 1409 non

145 1434 244 1471 inveniunt:
259 1444 276 1470 et
289 1443 339 1476 sunt,
353 1434 383 1481 qui
397 1443 484 1481 quaerunt
496 1432 514 1469 in
528 1431 691 1480 persecutionibus,
705 1441 722 1468 et
736 1432 771 1468 cito
784 1431 880 1468 invenitur.

146 1494 166 1530 In
179 1493 262 1542 periculis
275 1492 354 1530 fidelium
368 1506 441 1530 suornm
456 1492 511 1538 adest,
525 1491 678 1541 quemadmodum
688 1493 705 1528 in
716 1491 784 1540 psalmo
798 1491 819 1528 de
833 1491 880 1528 iusto

145 1553 225 1603 loquitur
238 1552 303 1590 dicens.
318 1552 364 1589 Cum
377 1553 416 1600 ipso
430 1565 471 1588 snm
484 1552 502 1588 in
516 1551 641 1598 tribulatione,
656 1551 728 1599 eripiam
745 1563 792 1597 enm,
808 1562 824 1587 et
838 1550 880 1598 glo-

145 1612 217 1649 rificabo
231 1625 278 1649 eum,
293 1611 408 1650 Custodiatur
421 1613 439 1648 in
453 1611 559 1648 adversitate
577 1610 694 1647 conscientiae
713 1610 787 1658 puritas,
801 1619 881 1646 servetur

145 1673 192 1709 adure
205 1671 289 1709 inviolata
303 1684 372 1720 semper
385 1671 487 1720 integritas,
502 1679 519 1707 et
537 1670 570 1707 erit
587 1668 638 1706 nobis
654 1668 772 1717 proculdubio
786 1667 807 1705 ad
819 1668 880 1704 salutis

145 1733 230 1769 meritum
243 1744 359 1780 quaecunque
368 1730 470 1767 adversitas.
484 1729 580 1766 Neminem
594 1729 676 1777 antiquus
690 1728 746 1765 hostis
761 1725 881 1764 concertando

47 1798 126 1839 ΙΤειππιῐο·
146 1801 205 1839 potest
218 1790 303 1837 deiicere,
316 1791 350 1827 nisi
363 1803 416 1839 quem
431 1790 520 1827 invenerit
533 1789 582 1837 prins
595 1801 604 1824 a
618 1788 714 1836 semetipso
728 1786 819 1823 deiecisse.
833 1785 881 1823 Oeio

37 1833 77 1894 liiii
91 1841 125 1893 iiii-
146 1852 214 1900 quaerit
231 1860 340 1899 torpentem,
355 1846 447 1887 incautum
464 1849 566 1897 supplantat
582 1847 669 1893 militem,
683 1846 768 1895 illumque
786 1845 881 1895 prosternit

37 1902 102 1929 ⁵l‘lll”¹'
145 1910 234 1953 facillime,
244 1922 296 1958 quem
310 1910 363 1946 armis
373 1910 460 1946 invenerit
474 1907 588 1945 denudatum.
603 1907 697 1955 Propterea
712 1906 773 1942 fratres
787 1906 822 1942 mei
834 1917 881 1940 sern-

145 1984 177 2019 per
190 1970 261 2019 vigilate
273 1972 291 2006 in
304 1967 414 2007 orationibus
431 1968 508 2014 sanctis,
523 1980 594 2015 semper
612 1968 676 2003 instate
691 1964 848 2014 operibus'bonis,
861 1973 880 1999 ut

145 2031 215 2079 quoties
228 2039 306 2066 tentator
319 2030 419 2074 accesserit,
431 2040 522 2077 nunqnam
537 2027 615 2064 inveniat
629 2027 705 2063 ociosos.
719 2026 830 2062 Mementote
842 2035 881 2060 ver·
903 2055 904 2059 ,

144 2090 210 2127 borum
223 2087 316 2125 salvatoris
330 2088 386 2125 nostri
399 2088 439 2124 Iesu
453 2086 521 2124 Christi
539 2086 557 2122 in
574 2098 625 2122 sacro
638 2083 734 2133 Evangelio
749 2083 828 2120 dicentis.
842 2082 880 2119 Sint

144 2148 200 2186 lumbi
212 2149 267 2186 vestri
280 2147 380 2196 praecincti,
395 2157 411 2183 et
424 2146 508 2182 lucernae
518 2145 599 2182 ardentes
613 2145 631 2181 in
645 2141 725 2180 manibus
735 2143 803 2185 vestris,
818 2151 835 2178 et
848 2153 880 2177 vos

144 2208 213 2246 similes
225 2206 328 2245 homiuibus
342 2205 476 2254 expectantibus
490 2205 590 2241 Dominum
604 2216 662 2246 suum,
677 2201 747 2251 quando
761 2209 859 2237 revertatur
872 2213 881 2236 a

144 2269 219 2318 nuptiis,
233 2278 252 2304 nt
265 2280 305 2305 cum
321 2267 399 2310 venerit,
413 2274 430 2302 et
444 2264 551 2314 pulsaverit,
565 2262 659 2300 confestim
677 2262 756 2310 aperiant
769 2262 791 2297 el.
804 2259 880 2308 Vigilat,

144 2329 175 2376 qni
188 2326 254 2365 solidus
268 2328 286 2363 in
299 2327 363 2363 timore
376 2325 451 2362 Domini
465 2324 564 2361 consistens
577 2334 668 2370 nunquam
682 2331 755 2369 torpore
764 2320 828 2357 mentis
840 2319 880 2356 dor-

144 2388 200 2424 mitat
215 2385 286 2436 Vigilat,
301 2386 330 2434 qui
344 2385 421 2421 animam
431 2396 482 2419 snam
492 2392 553 2419 contra
562 2379 650 2430 qnzeelibet
664 2379 715 2416 huius
729 2379 791 2416 rnrrrrdi
805 2378 879 2415 adverso
931 2424 934 2431 Ι

144 2461 174 2496 per
184 2448 240 2484 sancti
250 2447 367 2483 constantiam
378 2444 466 2494 propositi
475 2441 604 2490 infatigabilem
614 2447 712 2477 conservat.
720 2438 792 2487 Vigilat,
801 2438 880 2488 quisquis

143 2506 230 2554 prolicere
244 2505 323 2554 quotidie
337 2505 354 2541 in
368 2515 429 2540 amore
442 2502 518 2539 Domini
531 2513 568 2538 non
582 2508 644 2536 cessat.
657 2499 755 2535 Lucernam
768 2498 786 2533 in
799 2495 881 2533 inanibus

144 2565 213 2608 baiulat,
224 2566 303 2614 quisquis
313 2564 409 2600 sanctitatis
423 2562 538 2610 propositum
553 2558 646 2607 condignis
660 2555 793 2606 operationibus
803 2565 880 2594 exornat.

144 2626 243 2662 Lucernam
256 2635 327 2673 quoque
340 2633 387 2660 tenet
400 2623 417 2658 in
431 2620 524 2663 errantibus,
538 2619 618 2669 quisquis
632 2627 703 2662 mente,
716 2625 733 2654 et
747 2628 822 2664 corpore
836 2627 879 2664 pur·
909 2620 911 2625 “

144 2693 195 2733 gatus
213 2683 294 2731 proximo
312 2682 359 2720 lucet
376 2680 459 2731 operibus
477 2689 546 2716 sanctae
563 2677 639 2726 pietatis¹
658 2676 705 2713 Hinc
725 2686 795 2712 sanctus
811 2674 880 2713 Christi
