1968 3023
358 136 414 173 Samio
430 135 450 171 V.
682 166 683 169 ,
735 144 770 181 207

35 216 97 253 monio
115 224 177 252 contra
193 228 226 252 nos
242 215 311 253 infinita
328 215 430 260 daemoniu3
445 223 525 263 apertum
539 212 638 251 videbimus
656 213 710 251 chaos
724 212 769 250 inira

35 288 67 313 nos
81 275 185 321 horridum3
199 275 277 313 indicem
294 287 347 323 super
364 287 397 311 nos
415 275 545 322 conspiciemus
563 273 640 319 iratnm3
655 283 671 310 et
685 274 769 309 exomni

35 346 84 386 parte
100 346 198 374 extremum
218 335 268 373 nobis
288 333 385 372 imminere
401 334 505 384 pericnlum.
525 334 575 370 Haec
587 331 650 370 fratres
665 333 700 370 mei
714 332 769 369 saturi

35 388 119 433 examinis
129 395 206 443 pericula
220 407 290 443 semper
299 395 317 431 in
326 394 413 431 memoria
427 393 485 430 cordis
499 393 585 430 revolvite
590 407 594 438 3
606 402 622 429 et
632 405 684 441 quam
694 393 716 429 sit
729 392 769 429 liot-

34 454 110 491 rendum
119 454 197 491 futuram
211 454 316 491 sententiam
330 453 392 491 iudicis
401 452 485 499 incidere,
494 451 556 489 sedulo
570 443 653 500 cogitare.
667 451 686 488 In
696 451 725 488 illa
735 461 769 487 ter-

34 513 80 551 ribili
93 514 137 552 hora
147 514 186 562 plns
196 512 279 550 valebunt
293 527 335 562 pura
345 512 406 560 corda,
420 526 473 562 quam
485 521 542 549 astuta
552 512 644 548 rhetorum
654 510 714 548 verba:
729 510 768 559 plns

35 573 121 617 conducet
136 573 205 611 homini
218 573 326 610 conscientia
339 573 410 620 munda,
424 573 545 621 quamtotius
561 569 609 608 orbis
623 571 706 619 pecunia;
721 583 769 619 quo-

33 634 91 680 niam,
105 634 135 683 qui
152 634 261 671 iudicaturus
277 643 304 670 est
317 633 385 680 omnia,
399 646 434 670 non
448 632 522 679 fallitur,
536 633 592 669 immo
606 644 638 668 nec
651 631 722 679 precio,
736 643 769 667 nec

34 691 116 741 precibus
129 693 240 729 immutatur.
250 692 267 729 O
277 705 329 741 quam
342 691 449 728 incredibilis
462 692 526 729 horror
539 690 611 728 invadet
625 690 690 739 impios
700 702 769 735 omnes,

34 766 87 802 quam
106 751 222 789 metuendam
238 761 279 789 sunt
296 751 372 789 audituri
392 753 502 789 sententiam.
520 752 546 789 ite
564 751 655 788 maledicti
673 751 691 787 in
708 751 768 798 ignem

33 822 133 858 aeternnm,
147 813 176 860 qui
194 821 307 860 praeparatus
325 821 351 848 est
368 810 444 856 diabolo,
463 821 480 847 et
498 810 565 859 angelis
583 811 628 847 eius.
643 810 660 847 O
678 811 768 846 malorum

34 872 115 908 onmium
131 872 237 920 pessimunn
254 885 264 908 o
280 870 350 907 tristitia
368 869 506 918 profundissima
522 870 604 907 omnium
621 869 745 913 tristitiarum,
759 881 768 904 a

33 932 125 968 consortio
145 939 253 968 sanctorum,
268 930 332 978 dividi,
350 939 367 967 et
387 943 427 966 cum
445 929 561 967 daemonibus
580 930 597 966 in
616 938 708 966 aeternnm
729 941 767 965 cru-

34 992 80 1028 ciari.
94 992 141 1029 Vere
161 990 197 1028 dies
214 990 277 1028 iudicii
293 990 392 1037 horrenda,
406 989 523 1038 omnibusque
540 989 644 1035 metuenda3
658 990 698 1038 quia
714 989 768 1025 nimis

33 1063 104 1097 ariiara3
124 1049 154 1087 ubi
174 1050 275 1099 synderesis
294 1050 412 1087 ‘conscientiae
429 1050 495 1086 vermis
513 1062 548 1096 non
566 1050 654 1093 moritur,
670 1047 699 1085 nbi
712 1048 768 1085 semel

33 1110 126 1148 darmaatns
136 1109 157 1148 ad
166 1109 273 1158 supplicium
286 1123 377 1160 nunquam
387 1109 475 1147 liberatur.
489 1109 589 1146 Monachus
598 1122 641 1158 ergo
651 1109 727 1145 salutem
738 1122 768 1145 cn-

33 1170 83 1219 piens
96 1170 166 1218 assequi
179 1170 313 1218 sempiternam,
327 1182 346 1205 se
359 1173 446 1218 quantum
459 1177 518 1217 potest
531 1168 551 1205 ab
565 1169 615 1205 omni
630 1179 702 1218 peccato
716 1181 768 1205 mun-

33 1229 75 1266 dum
88 1241 159 1277 semper
172 1228 270 1273 custodiat,
285 1238 301 1265 et
314 1228 343 1265 illa
357 1241 402 1265 vox:
417 1228 443 1264 lte
457 1225 547 1265 maledicti
560 1228 578 1264 in
591 1227 651 1277 ignem
665 1238 767 1275 aeternum,

32 1301 124 1337 nunquam
134 1287 154 1324 ab
165 1289 202 1325 eius
211 1288 298 1324 memoria
311 1287 385 1325 recedat⁴
400 1287 450 1324 Unde
464 1288 543 1334 tertium,
553 1287 601 1337 quod
610 1287 632 1324 ad
641 1286 767 1324 declinandum

33 1360 42 1384 a
51 1356 131 1395 peccato,
145 1346 222 1383 multum
236 1347 350 1383 aestimamus
365 1347 468 1393 conducere,
478 1357 504 1384 est
517 1346 654 1384 arnaritudinem
668 1360 767 1394 poenarum

32 1415 113 1443 aeternae
123 1405 241 1443 damnationis
251 1404 312 1443 sedulo
323 1406 407 1455 cogitare.
420 1406 472 1443 Nulla
486 1407 534 1443 eninr
543 1416 579 1444 tam
589 1406 685 1444 vehemens
696 1415 722 1444 est
731 1419 767 1443 car-

32 1465 77 1502 nalis
95 1464 192 1513 voluptatis
209 1465 293 1508 tentatio,
307 1478 351 1514 quae
367 1470 404 1502 non
421 1463 479 1503 subito
496 1466 542 1502 victa
557 1464 635 1512 deficiat,
649 1466 663 1502 si
679 1475 766 1512 1111111115,

32 1524 81 1573 qnid'
91 1525 127 1562 iam
140 1524 229 1572 patiantur
242 1524 260 1560 in
273 1523 343 1561 inferno
357 1524 440 1571 damnati,
454 1523 533 1562 studiosa
545 1524 660 1562 meditatione
674 1526 766 1573 recogitat.

32 1583 82 1627 Quid
91 1596 138 1621 nunc
147 1583 220 1620 divitiae
233 1583 323 1632 quondam
336 1582 405 1620 habitae
418 1592 493 1632 prosunt
502 1584 602 1621 damnatis?
616 1584 659 1634 qnid
673 1584 767 1622 conferunt

32 1642 133 1691 voluptates
147 1640 245 1680 transactae
258 1643 320 1691 positis
334 1644 352 1679 in
365 1642 435 1680 inferno
448 1643 555 1680 luxuriosis?
573 1642 615 1692 quid
628 1644 720 1681 vanissimi
734 1644 765 1682 ho-

32 1715 84 1739 nores
98 1701 182 1739 tumidis?
196 1702 239 1751 quid
251 1711 330 1750 potestas
346 1702 436 1751 qnondam
449 1702 483 1739 lata
496 1701 586 1751 superbis?
600 1703 684 1752 Cogitate
698 1703 766 1750 fratres,

32 1761 74 1811 quid
83 1762 119 1798 iam
132 1760 209 1798 damnati
223 1762 312 1809 patiantur
322 1760 368 1810 apud
381 1761 453 1808 inferos,
467 1771 483 1798 et
497 1775 519 1799 ne
532 1775 564 1799 vos
577 1764 681 1811 contingant
694 1763 766 1811 similia,

32 1820 121 1866 inbonis,
137 1831 153 1857 et
166 1821 231 1858 sanctis
246 1819 329 1869 operibus
343 1821 407 1869 iugiter
420 1831 538 1868 perseverate.
556 1821 574 1858 Si
588 1822 654 1859 timetis
667 1822 765 1868 infernum,

32 1880 88 1930 fugite
101 1891 200 1930 peccatum.
213 1880 263 1918 Nihil
276 1881 323 1917 enim
336 1880 406 1918 nocebit
423 1881 509 1927 infernus,
523 1882 537 1917 si
550 1881 606 1919 homo
619 1882 638 1918 in
651 1881 685 1918 fide
700 1882 767 1920 Christi

32 1941 149 1991 permanserit
158 1953 167 1977 1
176 1941 253 1989 peccatis
268 1940 341 1977 alienus:
356 1953 389 1977 nec
402 1939 469 1977 ardebit
482 1941 500 1977 in
513 1953 576 1989 poena,
586 1942 616 1989 qni
630 1942 678 1991 prius
691 1942 766 1979 hicnon

31 2000 94 2037 arserit
103 2001 121 2037 in
131 1999 187 2048 culpa.
201 1998 307 2036 Metuendus
318 1999 382 2036 inferni
395 1999 450 2043 locus,
460 2000 478 2036 in
488 2013 523 2048 quo
533 2012 568 2037 non
578 2010 604 2036 151
614 2000 649 2037 ulla
659 2001 765 2050 redemptio,

32 2059 63 2096 sed
77 2060 157 2108 quisquis
172 2058 215 2096 illuc
228 2058 321 2096 damnatus
335 2059 390 2096 semel
404 2060 502 2105 intraverit,
516 2058 626 2097 adsalutem
640 2061 716 2109 amplius
730 2073 766 2098 non

31 2117 90 2157 exibit.
104 2118 186 2156 Clamant
199 2119 217 2155 in
227 2119 326 2163 tormentis,
336 2119 354 2155 in
364 2119 444 2168 angustia
458 2119 526 2164 miseri,
537 2120 554 2156 in
568 2118 642 2157 horrore
656 2121 766 2169 sempiterno

32 2178 91 2227 positi,
103 2178 192 2215 dicentes:
208 2178 250 2227 quid
264 2190 310 2214 nunc
323 2178 395 2227 prodest
405 2177 455 2215 nobis
469 2177 550 2226 snperbia
563 2188 631 2225 nostra,
642 2178 719 2226 divitiae,
732 2179 765 2217 ho-

30 2249 89 2280 noreS,
99 2237 200 2286 dignitates
209 2236 284 2283 luxuria,
294 2237 341 2285 gula,
351 2247 368 2274 et
381 2250 443 2284 onmes
456 2246 554 2275 transactae
563 2237 665 2286 voluptates
675 2238 765 2276 carnales?

31 2295 73 2345 quid
86 2294 137 2333 nobis
147 2296 181 2332 iani
191 2307 266 2343 prosunt
279 2296 297 2332 in
307 2306 399 2333 aeternum
412 2296 511 2334 damnatis?
525 2297 569 2334 Ecce
583 2299 643 2334 omnia
656 2299 765 2334 transierunt

31 2355 81 2392 velut
95 2353 162 2401 umbra,
176 2363 193 2392 et
206 2364 289 2403 tanquam
303 2356 354 2392 11111111
370 2356 427 2392 noctis
440 2355 493 2393 breve
507 2357 599 2393 somnium
613 2366 765 2394 cunctaevanue-

30 2423 77 2452 runt.
90 2414 129 2452 Nos
143 2423 202 2451 antem
214 2413 318 2451 cruciatibus
332 2416 407 2451 aeternis
421 2414 499 2463 deputati
512 2428 580 2461 sumus,
590 2416 607 2452 in
621 2414 684 2465 quibus
697 2416 764 2453 nullam

30 2488 68 2512 esse
81 2474 224 2523 redemptionem
239 2475 336 2512 certissime
350 2476 420 2512 scimus.
434 2475 454 2512 ln
467 2475 545 2522 inferno,
555 2476 600 2512 sicut
614 2477 725 2524 Augustinus
739 2486 765 2514 te-

30 2543 95 2578 statur,
110 2543 127 2569 et
140 2534 155 2569 si
168 2534 202 2570 erit
215 2533 298 2570 stimulus
312 2533 442 2583 poenitudinis,
456 2534 504 2571 ranila
523 2544 582 2571 tamen
596 2535 629 2571 erit
644 2535 663 2570 in
677 2534 765 2572 damnatis

30 2594 116 2630 correctio
130 2592 232 2637 voluntatis,
246 2606 255 2630 1
269 2592 332 2642 quibus
346 2593 369 2629 111
384 2592 482 2641 culpabitur
495 2594 586 2643 iniquitaS,
596 2603 616 2630 ut
629 2593 729 2631 nullatenus
744 2594 764 2631 ab

30 2651 55 2688 eis
69 2650 125 2700 possit
139 2650 197 2700 diligi,
211 2651 239 2688 vel
253 2651 348 2689 desiderari
361 2651 437 2689 iustitiae
451 2653 534 2702 aequitas.
548 2651 573 2689 lbi
587 2663 629 2689 tunc
644 2652 688 2690 edax
701 2653 765 2692 inferni

789 695 828 721 111111.
838 702 858 729 23.

807 1590 874 1616 (1111111-

787 1633 811 1651 nae
824 1625 874 1651 infero-

787 1668 816 1686 rum
828 1660 874 1686 forma.

786 2303 838 2337 Sapien.
848 2311 859 2338 ς.
