1968 3023
306 132 356 175 iiber
368 131 454 175 Pontidius
466 132 533 175 loaaznis
550 133 629 176 Triteauii.
801 135 834 174 261

102 216 184 258 coenobii
198 217 224 254 tui
236 226 360 266 paupertatem
374 216 449 265 allegare
462 217 536 265 poteris,
546 216 577 265 qui
589 226 626 254 tam
640 215 697 254 multa
706 217 781 265 turpiter
791 229 835 254 con-

101 278 169 317 sumis?
182 276 240 313 Pudet
253 289 282 313 me
296 275 361 322 dicere,
372 275 420 324 quod
429 275 487 313 iacere
495 274 572 313 Abbates
582 275 635 313 multi
648 289 685 313 non
699 286 791 324 verentur;
805 289 835 326 qur

100 335 222 386 voluptatibus
240 337 296 373 carnis
309 349 346 373 noa
360 346 395 372 tarn
409 336 513 382 summersi,
524 348 578 385 quarn
596 335 667 382 furiosi,
677 335 722 373 nihil
735 335 834 389 honestatis

101 396 210 434 monasticae
224 395 336 443 costodiunt,
349 395 394 432 nihil
411 394 526 444 turpitudinis
545 395 645 432 mttndanae
658 397 753 434 omitttmt:
767 396 835 433 Omnia

101 456 134 494 sibi
147 456 200 493 licere
214 455 344 503 existimabant,
358 457 387 504 qui
401 468 443 502 non,
457 455 498 504 quid
513 454 583 502 deceat,
598 456 628 493 sed
644 455 686 505 quid
700 455 759 500 libeat,
774 455 834 506 explo-

101 526 150 554 taut:
165 515 210 552 Ecce
224 515 253 552 ille
267 516 384 553 monasticam
402 515 498 553 abhorrens
516 516 607 564 quietem,
621 516 670 564 vagis
689 516 798 553 discursibus
816 517 834 554 in

100 575 168 613 mundo
178 575 247 624 quaerit
256 574 350 620 solatium3
365 575 397 612 iste
407 575 469 612 secreti
478 573 564 623 regularis
573 574 675 623 impatiens,
685 587 784 624 pomposus
793 588 834 624 pro·
868 566 870 569 Α

101 634 148 672 cedit
161 634 179 670 in
193 632 294 683 publicum:
308 633 351 671 alter
361 633 471 683 disciplinam
485 634 583 671 honestatis
597 634 706 683 vituperans,
717 642 755 671 tota
768 634 796 671 die
810 634 834 671 le-

100 692 151 730 vibus
168 693 249 741 personis
263 693 338 729 conviva
355 692 436 730 ebriosus
453 693 527 730 assidet:
543 692 572 730 hic
589 693 747 731 raaarasuetudiuem
764 703 834 731 sancto·

100 766 140 790 rum
155 761 279 795 contemnens,
294 765 312 789 se
325 751 434 801 litigantium
453 754 510 789 causis
528 752 629 805 itnmiscet:
645 751 665 789 ad
679 752 757 790 tabulam
771 752 833 790 ludens

100 813 144 849 alius
158 812 232 850 residet:
247 811 291 848 alius
301 811 322 848 ad
332 822 438 861 tympanum
446 812 521 850 stolidus
531 803 590 849 saltatt
604 812 653 857 Quid
667 826 703 850 taor]
717 824 834 862 praesunnmt
881 823 883 827 ’

100 870 178 908 Abbates
196 870 298 909 ambitiosi?
312 870 361 914 Quid
374 871 472 920 voluptatis
485 881 578 909 transeunt
592 873 731 921 intemptatum?
746 873 833 910 Coenanti

101 931 210 968 famulorum
224 943 319 968 curvantur
328 944 395 980 genua:
410 932 508 968 transeunti
517 931 631 969 ecclesiarum
643 943 746 970 sternuntur
759 934 833 981 tapetia:
848 958 849 961 =

100 989 246 1039 progredientem
263 990 281 1026 in
298 988 389 1039 publicum
402 1002 495 1028 servorum
508 991 571 1040 ingens
586 991 667 1040 sequitur
681 991 736 1040 copia.
750 992 833 1029 Invenies

99 1050 144 1098 (non
158 1050 246 1100 utentior)
258 1049 347 1087 Abbatem
361 1051 407 1087 inter
421 1063 461 1097 eos,
475 1060 492 1087 et
510 1052 539 1099 qui
557 1050 690 1100 reformationis
703 1052 777 1088 nomine
789 1052 832 1101 glo-

99 1108 174 1153 riantur,
190 1110 240 1145 cuius
254 1109 337 1147 tanta'sit
350 1107 434 1156 atnbitio,
448 1119 468 1146 ut
479 1110 567 1158 Episcopo
585 1101 622 1147 non
639 1109 682 1146 velit
699 1110 733 1147 dici
747 1110 831 1148 inferior:

60 1206 61 1209 ,
100 1169 130 1218 qui
143 1167 165 1205 ad
178 1181 259 1206 mensam
273 1182 313 1206 cum
326 1178 376 1207 tanto
390 1180 474 1218 apparatu
487 1168 560 1215 residet,
575 1179 596 1205 nt
609 1169 681 1206 cuilibet
694 1170 771 1219 Principi
781 1172 832 1219 copia
856 1197 858 1203 .

99 1241 190 1275 vasorum,
204 1227 245 1275 cibi,
259 1239 347 1278 potusque
356 1231 438 1273 varietas,
448 1241 468 1265 ac
477 1229 618 1266 ministrantium
626 1229 723 1267 multitudo
733 1231 789 1278 possit
796 1230 833 1267 suf-

99 1287 162 1325 ficere:
177 1287 266 1337 Denique,
277 1289 292 1325 si
301 1287 404 1336 procedenti
418 1300 449 1335 per
462 1288 556 1332 civitatem,
566 1287 608 1325 hnic
619 1287 689 1325 dederis
698 1288 775 1335 obviam,
784 1298 832 1327 tanta

99 1345 210 1384 fananlorum
224 1346 340 1384 multitudine
353 1346 438 1383 vallatum
453 1359 539 1393 cerneres,
553 1357 577 1391 nr,
592 1360 627 1384 uon
640 1346 738 1393 Abbatem,
751 1347 782 1385 sed
795 1350 832 1385 Ar-

99 1405 235 1454 chiepiscopum
249 1406 324 1442 transire
337 1414 419 1455 putares:
434 1406 452 1442 Si
469 1418 555 1454 pauperes
568 1419 587 1443 se
600 1419 636 1444 non
648 1405 746 1455 fingerent,
760 1406 790 1444 sed
804 1421 834 1445 es-

98 1474 143 1512 sent,
153 1465 172 1501 in
181 1473 229 1501 tanta
238 1464 350 1502 solemnitate
358 1464 441 1502 vanitatis
451 1465 525 1502 minime
534 1460 637 1502 effluerent:
652 1464 716 1503 Certus
726 1467 773 1503 enim
783 1480 830 1513 snm,
860 1502 861 1505 ,

98 1525 147 1574 quod
160 1524 244 1573 praedam
259 1526 339 1575 sequitur
349 1525 381 1561 ista
390 1524 447 1572 turba,
457 1537 493 1562 non
502 1525 604 1563 hominem:
612 1525 645 1575 ,De
658 1523 764 1574 pauperibus
778 1539 831 1574 prae-

77 1630 78 1633 *
98 1584 140 1621 dam
154 1584 236 1637 invenire
247 1585 286 1634 quis
300 1585 362 1633 possit,
376 1595 406 1621 aut
420 1585 481 1633 optet?
494 1584 512 1622 Ο
526 1583 576 1620 Abba
590 1595 650 1634 pastor
662 1584 743 1632 fugitive,
752 1584 830 1633 dispen-

99 1653 147 1681 sator
161 1642 251 1681 bonorum
265 1644 340 1682 Domini
349 1644 375 1680 tui
384 1645 459 1693 ingrate,
473 1654 490 1680 et
503 1643 586 1691 infidelis,
597 1642 627 1693 qui
640 1643 756 1680 substantiam
771 1657 831 1681 mona·

98 1704 148 1740 sterii
162 1713 198 1740 tam
213 1702 298 1741 inutiliter
308 1702 400 1752 expendis,
414 1704 443 1751 qui
456 1702 571 1751 voluptuose,
582 1712 599 1740 et
607 1704 683 1752 turpiter
692 1703 742 1739 vivis.
757 1703 803 1746 Quis
813 1705 830 1740 in

98 1764 182 1800 eatremo'
195 1763 276 1799 exararine
288 1762 402 1799 auxiliabitur
416 1763 454 1799 tui?
467 1762 527 1806 Querar
544 1762 617 1799 rationis
634 1762 733 1799 reddendae
746 1775 831 1812 procura-

98 1832 157 1863 torem
177 1822 289 1859 constitues?
302 1822 346 1858 Ecce
356 1820 406 1857 bona
419 1821 475 1857 sancti
488 1821 579 1858 Benedicti
593 1824 610 1858 in
623 1821 714 1869 voluptate
729 1823 829 1858 consumis:

98 1880 201 1930 parentibus
219 1882 255 1918 tuis
271 1881 312 1918 inde
329 1880 421 1918 subvenis:
439 1880 519 1929 turpibus
538 1880 640 1918 homiuibus
655 1894 730 1918 numera
746 1881 828 1929 largiris:

97 1940 218 1978 adulatoribus
232 1941 267 1978 ruis
282 1940 328 1978 dona
341 1939 414 1978 dividis:
427 1939 519 1987 ingluviei,
533 1950 550 1976 et
563 1939 644 1977 ebrietati
657 1940 692 1985 die,
702 1951 790 1990 nocteque
804 1941 829 1977 in-

97 2001 160 2038 servis.
172 2000 201 2038 Tu
212 1999 329 2049 pinguissima
338 2011 394 2036 terrae
404 1998 490 2045 comediS,
505 2000 609 2049 optimaque
622 2000 663 2036 vina
677 1999 731 2045 bibis;
746 2000 830 2036 monachi

97 2073 184 2109 pauperes
197 2061 216 2097 in
230 2069 310 2108 egestate
318 2060 387 2105 vivunt,
396 2058 458 2095 fratres
467 2050 544 2095 lanniles
553 2071 618 2107 panem
631 2059 698 2096 doloris
712 2059 776 2104 edunt:
787 2073 830 2096 oves
841 2089 843 2092 Α

97 2118 129 2156 tibi
143 2120 250 2156 commissae
263 2117 327 2155 vilibus
340 2128 445 2167 pascuntur:
459 2118 477 2155 O
489 2119 553 2155 Pastor
566 2130 618 2164 vane,
637 2119 667 2168 qui
680 2131 754 2168 gregem
768 2119 830 2155 Domi-

96 2180 158 2217 nicum
171 2178 255 2227 negligis,
270 2179 300 2226 qtai
314 2178 428 2214 necessitates
437 2177 512 2214 fratrum
523 2187 595 2215 tuorum
610 2179 716 2224 contemnis,
732 2188 829 2221 rneanento,

97 2238 125 2274 cui
139 2238 227 2275 tationem
240 2236 342 2274 redditurus
356 2238 386 2283 sis,
396 2238 515 2281 reminiscere,
526 2250 578 2286 quam
592 2237 701 2274 horrendum
715 2238 738 2273 sit
751 2238 830 2274 incidere

97 2298 115 2334 in
129 2311 193 2335 manus
207 2298 240 2335 Dei
253 2298 338 2335 viventis:
352 2298 390 2341 Qui
402 2309 497 2346 personam
510 2297 590 2334 hominis
603 2310 640 2334 non
652 2298 733 2345 respicit,
748 2298 778 2346 qui
791 2298 829 2334 nm-
850 2293 920 2353 ffil'mffl

97 2357 161 2406 cuique
175 2357 224 2394 iuxta
238 2370 292 2406 opera
305 2370 337 2394 sua
350 2357 450 2394 mercedem
460 2356 549 2405 rependit:
564 2356 598 2394 Sed
607 2356 648 2393 andi
658 2356 752 2394 consilium
762 2370 829 2399 ntenan,
850 2345 927 2389 Rousff

96 2424 114 2452 et
128 2428 160 2465 age
174 2416 309 2465 poenitentiam,
324 2426 341 2453 et
354 2424 426 2464 peccata
439 2427 468 2452 tua
482 2415 602 2464 eleemosynis
615 2416 690 2460 redime,
705 2417 761 2453 immo
775 2415 830 2452 debiti
850 2398 907 2465 iiii}

97 2474 218 2512 redditionem
232 2474 315 2522 absolve,
329 2486 414 2524 quatenns
430 2474 476 2524 apud
493 2476 583 2511 internum
596 2474 673 2512 iudicem
687 2474 840 2523 misericordiam
883 2487 939 2512 nascere

96 2535 183 2572 merearis
198 2536 284 2573 iuvenire.
298 2536 373 2584 Depone
387 2534 487 2583 supercilia:
501 2534 566 2571 fastum
585 2534 649 2579 abiice,
664 2536 761 2572 vanitatem
776 2535 829 2573 dere·
851 2521 939 2590 {¹',⁰{„*,'{‘i³,ff‡

98 2594 165 2644 linque.
181 2595 224 2632 Esto
237 2594 297 2633 Abbas
311 2595 385 2633 fratrum
403 2604 475 2632 tuorum
493 2594 590 2631 secundum
607 2595 697 2644 regulam3
710 2595 754 2632 Esto
767 2596 830 2633 Pastor
851 2591 938 2651 {‡³n¹,¹¹²¹¹¹⁰·

97 2653 229 2693 sollicitudine:
243 2655 297 2693 Pater
310 2655 400 2693 charitate.
414 2656 468 2692 Pasce
482 2655 522 2693 illos
535 2654 596 2700 verbo,
610 2668 661 2704 pasce
675 2655 764 2705 exemplo,
778 2668 831 2705 pasce
851 2662 868 2687 ris
877 2632 939 2687 aliid.
