1968 3023
86 236 174 270 qnanrinDeo

86 271 125 303 lata,
139 279 173 297 nun-

86 314 125 340 quam
137 314 173 346 sqcn·

86 349 99 365 ra
106 348 173 366 conseren-

86 375 107 401 tia.

123 588 151 615 Gal.
162 596 173 622 5.

113 1009 173 1035 Transla-

86 1044 103 1070 tio
108 1045 142 1070 titiis
148 1045 173 1070 adi-

85 1085 118 1105 tnnr
129 1087 173 1105 rese-

85 1122 115 1140 rans
130 1114 172 1148 pessi-

85 1157 110 1175 rna.

115 1183 174 1209 Odium

86 1218 174 1244 tratriserDei

86 1261 130 1279 antor
148 1253 173 1278 in-

86 1287 134 1314 simul
147 1296 174 1313 non

85 1330 172 1348 commoran-

85 1364 109 1384 tur.

108 1392 174 1426 Apostata

86 1435 112 1452 cur
127 1434 173 1460 perse-

85 1467 141 1495 quantur
147 1470 174 1487 nro-

85 1496 147 1522 nachos
158 1496 173 1522 in

85 1531 130 1557 ordine
142 1539 172 1564 per-

87 1566 172 1592 seuerames?

115 1600 172 1630 Qualis

84 1635 138 1669 quisque
149 1641 173 1667 est,

84 1669 173 1701 unsarans

84 1705 136 1730 indicat.

196 158 232 195 254
259 161 262 166 ¹
389 148 415 184 Dc
427 153 472 185 statu
484 154 498 184 ct
511 149 562 185 ratiaa
575 149 661 186 monastici
674 148 740 186 ordiaris.

195 240 256 264 secuta
269 228 378 265 conscientia
391 242 429 266 esse
442 237 511 277 potest:
525 228 556 266 sed
569 241 640 278 semper
654 229 675 267 de
687 238 738 266 reatu
751 243 784 267 suo
796 230 848 274 ansia,
858 243 928 279 semper

194 286 301 335 turbulenta,
312 287 377 336 quippe
391 289 421 337 qui
434 287 456 325 ad
469 287 613 337 desperationem
627 289 738 326 incentorem
751 289 819 327 habetis
832 289 928 337 diabolum,

194 347 245 384 catius
258 348 343 384 instinctu
360 346 381 384 ab
399 348 461 386 ordine
476 349 580 386 recessistis.
593 349 641 386 Hinc
657 359 693 395 est,
708 349 756 398 qnod
773 349 795 387 de
811 362 873 387 amore
888 351 927 397 Dei,

194 408 330 457 animarumque
340 407 395 445 salute
403 407 448 445 nihil
458 408 499 444 estis
509 407 592 446 solliciti:
606 408 637 446 sed
650 409 724 446 terrenis
735 408 847 455 vanitatibus,
857 418 874 447 et
883 409 927 447 desi-

194 467 247 505 deriis
261 466 358 505 carnalibus
371 468 445 515 intenti,
458 467 502 504 nihil
510 468 583 514 minan,
597 481 651 517 quam
663 469 719 506 vitam
732 480 822 506 aeternam
836 470 927 518 cogitatis:

194 527 236 571 Quo
250 528 313 577 spiritu
326 525 371 563 facta
380 528 403 564 sit
412 528 430 564 in
438 525 489 563 vobis
499 528 533 564 ista
541 526 639 572 translatio,
649 529 762 566 conversatio
771 538 829 566 vestra
842 528 926 566 ostendit:

193 587 240 624 Nam
254 587 284 636 qni
301 586 364 635 spiritu
376 587 413 623 Det
423 595 504 636 aguntur,
519 599 591 624 eamean
608 600 659 624 suam
675 587 800 626 crucifixerunt
813 600 853 625 cum
869 589 925 635 vitiis,

194 656 211 684 et
224 646 381 695 concupiscentiis:
395 646 433 683 Vos
446 654 553 683 autemnon
563 646 598 684 sic:
608 646 652 684 Mox
661 647 710 684 enim
719 657 738 684 ut
747 646 827 684 habitum
836 647 927 696 religionis

194 705 287 752 abiecistis,
296 705 346 755 quasi
354 703 409 742 boves
418 705 530 742 lascivientes
540 718 549 742 a
559 706 601 754 iugo
610 705 725 743 subiectionis
736 705 818 752 absoluti,
828 707 845 744 in
855 699 926 744 omnem

194 764 328 813 turpitudinem,
337 765 386 813 quasi
399 764 477 811 licenter,
486 777 519 802 vos
532 765 620 813 mergitis,
636 779 709 803 omnem
722 766 833 805 honestatem
846 766 926 811 abiicitis,

194 838 235 861 curn
248 825 296 861 uitiis
309 832 388 873 pactum,
399 837 440 860 cnm
449 823 543 861 uirtutibus
556 825 618 873 geritis
632 824 709 862 bellum:
725 826 766 863 Non
776 836 801 864 est
810 826 884 863 charitas
893 827 927 863 Dei

193 885 211 921 in
229 883 311 921 cordibus
324 883 398 921 vestris:
412 882 564 930 misericordiam,
577 893 594 920 et
612 885 697 933 pietatem
715 886 839 930 contemnitis,
854 885 927 935 diligitis

193 944 296 987 vanitatem,
310 952 327 980 et
339 943 379 979 vani
393 941 436 979 facti
449 942 497 979 estis.
511 942 555 980 Mali
568 944 611 980 estis
630 943 681 981 honis
699 943 791 992 omnibus:
805 945 875 993 peiores
889 957 927 982 mo·

193 1002 253 1039 trachis
266 1002 339 1051 pessimi
352 1000 408 1039 vobis.
421 1002 463 1040 Non
477 1012 503 1039 est
516 1002 609 1040 translatio
622 1002 669 1040 facta
682 995 700 1040 in
714 1003 787 1051 melius,
801 1017 845 1054 quae
859 1003 926 1041 aditum

194 1062 242 1099 vitiis
255 1061 344 1099 reseravit.
359 1061 417 1099 rimor
425 1061 465 1108 Dei,
475 1071 492 1098 et
501 1061 564 1099 odium
577 1061 636 1099 fratris
649 1063 667 1099 in
681 1062 744 1100 eodem
756 1074 827 1112 pectore
840 1075 877 1100 non
890 1076 927 1101 nro-

194 1131 260 1159 rantur.
273 1122 312 1159 Vos
329 1130 389 1158 autem
406 1119 537 1170 trangressores
554 1122 602 1166 voti,
620 1122 687 1159 ordinis
705 1122 815 1170 desertores,
828 1122 926 1160 honestatis

194 1181 267 1225 inimici,
281 1180 377 1217 adversarii
390 1180 464 1229 pietatiS,
475 1181 489 1216 si
498 1180 556 1217 Deum
570 1180 650 1229 diligitis,
659 1181 674 1218 si
683 1180 725 1218 honi
736 1182 784 1228 estis,
793 1182 808 1218 si
821 1180 927 1229 religionem

194 1241 263 1287 amatis,
272 1253 303 1277 cur
312 1239 410 1277 inonachos
420 1239 495 1277 odistis?
509 1239 577 1277 Odistis
591 1249 651 1277 autem
664 1254 694 1278 eos
704 1241 788 1287 trraxime,
798 1241 828 1290 qui
838 1241 855 1277 in
865 1241 927 1278 ordine

194 1309 318 1349 perseverant,
336 1299 382 1336 unde
400 1299 497 1337 excidistis:
511 1300 604 1344 Quoniam
622 1313 667 1349 qnos
684 1301 701 1337 in
720 1313 751 1337 sua
768 1300 862 1338 vocatione
880 1313 927 1337 nunc

195 1360 265 1398 fortiter
278 1369 324 1396 stare
337 1359 449 1408 conspicitis,
463 1371 526 1396 eorum
544 1367 606 1401 contra
618 1372 650 1396 vos
664 1360 681 1396 in
695 1359 761 1396 iudicio
774 1360 876 1397 testimonia
891 1359 926 1397 for-

194 1420 272 1466 midatis,
279 1419 353 1457 Stabunt
362 1432 406 1469 ergo
415 1420 433 1455 in
442 1418 521 1456 districto
532 1419 613 1456 examine
622 1428 683 1457 contra
692 1432 730 1463 vos,
737 1419 789 1456 laturi
797 1420 926 1467 testimoninm,

194 1480 278 1518 monachi
291 1491 353 1517 ornnes
371 1479 389 1515 in
406 1488 466 1515 sancta
483 1478 620 1516 conversatione
636 1487 778 1527 perseuerantes,
792 1479 823 1528 qni
835 1479 927 1516 universas

193 1539 311 1584 narrationes,
322 1547 339 1575 et
352 1550 413 1574 causas
426 1538 525 1587 apostasiae
538 1547 615 1584 vestrae,
625 1537 655 1575 hic
667 1539 703 1575 iam
718 1537 834 1575 fraudulentis
847 1537 926 1586 palliatas

193 1597 311 1642 sermonibus,
321 1596 378 1642 falsas,
388 1606 406 1634 et
414 1598 475 1634 inanes
483 1598 519 1634 suis
529 1596 612 1647 operibus
626 1597 783 1636 demonstrabunt:
797 1597 845 1635 Odio
858 1597 926 1634 habetis

194 1657 261 1695 ordinis
274 1656 329 1693 vestri
342 1656 447 1701 monachos,
458 1656 499 1704 quia
508 1668 527 1693 re
536 1668 577 1693 vera
589 1656 649 1705 quales
664 1669 696 1693 uos
709 1669 747 1693 esse
761 1656 874 1705 cognoscitis,
883 1656 926 1693 tales

192 1717 237 1754 alios
251 1730 289 1754 esse
302 1716 390 1762 iudicatis,
405 1726 422 1753 et
435 1715 508 1759 bonum,
521 1715 570 1765 quod
583 1716 601 1752 in
614 1715 665 1753 vobis
678 1729 715 1753 non
728 1717 813 1764 aspicitis,
823 1716 875 1753 etiam
889 1715 926 1752 aliis

192 1776 285 1814 invidetis:
298 1776 340 1813 Non
357 1776 443 1812 miramur
459 1774 517 1811 cordis
534 1775 588 1812 vestri
604 1774 699 1812 adversum
717 1774 815 1812 monachos
832 1775 925 1821 insaniam,

193 1851 234 1875 cum
251 1850 290 1874 eam
307 1836 399 1880 iniuriam,
413 1845 430 1874 et
444 1835 571 1873 contumeliam
585 1837 696 1886 cogitamus,
710 1848 762 1885 qnanr
775 1836 820 1882 Deo,
834 1844 851 1872 et
864 1845 925 1872 sancto

192 1896 290 1946 legislatori
302 1904 363 1933 uestro
375 1895 467 1933 intulistis:
481 1895 518 1940 Qui
532 1896 580 1932 enim
593 1896 652 1932 Deum
666 1907 703 1933 non
715 1894 778 1943 diligit,
788 1894 818 1945 qni
826 1904 889 1931 votum
901 1894 927 1931 illi

192 1957 297 1994 solemniter
309 1955 376 1992 factum
389 1954 479 2004 infringit,
493 1955 522 2004 qui
536 1955 617 1992 habitum
633 1954 726 2003 religionis
743 1953 926 1999 anticianirandum

192 2028 228 2052 non
237 2025 269 2061 est,
278 2015 293 2051 si
302 2013 400 2051 monachos
408 2025 475 2062 >servos
489 2014 527 2050 eius
540 2014 584 2050 odit.
594 2014 661 2051 Omnis
673 2026 749 2062 namque
759 2013 846 2061 Apostata
859 2012 926 2050 ordinis

192 2075 219 2112 sui
233 2073 352 2116 adversarius,
369 2081 386 2109 et
400 2082 514 2120 contemptor
527 2083 563 2110 est:
577 2071 612 2109 Sed
625 2085 668 2119 oro,
682 2072 712 2109 sed
726 2072 800 2120 hortor,
815 2071 845 2108 sed
860 2073 926 2110 suadeo

192 2147 262 2180 ornnes,
272 2135 302 2183 qni
315 2132 396 2170 ordinem
408 2141 487 2170 vestrum
502 2132 612 2178 deseruistis,
621 2132 739 2181 derelinquite
752 2132 837 2177 furorem,
846 2133 927 2181 mitigate

192 2192 266 2239 rabiem,
281 2193 366 2243 quiescite
379 2194 436 2230 sevire
445 2192 464 2228 in
473 2193 576 2236 monachos,
587 2204 616 2237 ne,
627 2205 672 2241 qnos
685 2191 728 2229 odio
737 2205 784 2230 rrunc
794 2193 926 2241 persequimini,

192 2254 210 2291 in
223 2252 290 2290 iudicio
304 2260 365 2289 contra
382 2265 415 2289 vos
432 2261 486 2288 testes
503 2250 593 2297 trabeatis,
607 2260 624 2288 et
637 2250 714 2288 iudices:
728 2251 781 2299 Agite
798 2251 926 2299 poenitentiam

192 2325 245 2362 super
258 2312 291 2349 hac
304 2311 395 2360 impietate
408 2321 472 2355 vestra,
486 2310 529 2347 duan
547 2320 619 2358 tempus
632 2309 707 2356 habetis,
721 2323 743 2347 ne
756 2322 805 2347 mors
818 2310 925 2347 festinatos

191 2373 247 2421 rapiat
260 2373 366 2420 imparatos:
379 2371 446 2417 Nolite,
460 2369 541 2418 obsecro,
555 2382 623 2408 cornua
640 2370 756 2419 malignitatis
770 2380 831 2408 contra
844 2379 925 2407 sanctum

191 2430 308 2468 Benedictnm
322 2430 400 2479 erigere:
414 2429 470 2467 nolite
483 2430 547 2466 uestris
561 2428 706 2467 translationibus
720 2428 801 2466 ordinem
819 2429 857 2465 eius
874 2441 925 2466 vene·

192 2491 267 2528 randum
277 2490 321 2527 velle
330 2488 430 2536 destruere,
443 2488 499 2526 nolite
512 2488 634 2537 poenitentiae
643 2488 796 2537 opportunitatem
807 2498 926 2542 cornemnere,

192 2551 206 2587 si
220 2550 242 2587 ad
255 2551 308 2587 vitam
322 2560 412 2586 aeternam
425 2549 507 2597 cupiditis
520 2548 621 2598 pervenire.
632 2549 670 2585 Vos
680 2547 748 2585 nullan
760 2557 821 2585 sancto
830 2548 926 2586 Benedicto

192 2610 315 2646 construxistis
329 2608 442 2653 coenobium,
457 2620 495 2655 oro,
509 2619 526 2645 et
540 2608 634 2653 exhortor,
648 2620 671 2644 ne
688 2606 708 2643 ab
726 2607 764 2644 aliis
780 2608 804 2645 illi
823 2607 894 2645 condita
907 2608 925 2644 in

193 2681 235 2704 usus
244 2668 361 2706 saecularium
370 2667 490 2705 transferatis:
504 2667 621 2712 Mementote,
632 2680 685 2716 quam
694 2665 751 2704 brevis
761 2668 784 2704 sit
792 2668 828 2704 vita
836 2680 924 2716 praesens,
