<?xml version="1.0" encoding="UTF-8"?>
<!DOCTYPE html PUBLIC "-//W3C//DTD XHTML 1.0 Transitional//EN"
    "http://www.w3.org/TR/xhtml1/DTD/xhtml1-transitional.dtd">
<html xmlns="http://www.w3.org/1999/xhtml" xml:lang="en" lang="en">
 <head>
  <title>
</title>
<meta http-equiv="Content-Type" content="text/html;charset=utf-8" />
  <meta name='ocr-system' content='tesseract 3.04.00' />
  <meta name='ocr-capabilities' content='ocr_page ocr_carea ocr_par ocr_line ocrx_word'/>
</head>
<body>
  <div class='ocr_page' id='page_1' title='image "MN5032ucmf_2_0084.png"; bbox 0 0 1968 3023; ppageno 0'>
   <div class='ocr_carea' id='block_1_1' title="bbox 161 207 686 260">
    <p class='ocr_par' dir='ltr' id='par_1_1' title="bbox 161 207 686 260">
     <span class='ocr_line' id='line_1_1' title="bbox 161 207 686 260; baseline 0.004 -15"><span class='ocrx_word' id='word_1_1' title='bbox 161 219 183 257; x_wconf 87' lang='lat'>72</span> <span class='ocrx_word' id='word_1_2' title='bbox 369 209 395 246; x_wconf 79' lang='lat' dir='ltr'>De</span> <span class='ocrx_word' id='word_1_3' title='bbox 404 207 485 259; x_wconf 73' lang='lat' dir='ltr'>jugienda</span> <span class='ocrx_word' id='word_1_4' title='bbox 496 217 589 260; x_wconf 78' lang='lat' dir='ltr'>pravorum</span> <span class='ocrx_word' id='word_1_5' title='bbox 602 210 686 249; x_wconf 76' lang='lat' dir='ltr'>cortsortia.</span> 
     </span>
    </p>
   </div>
   <div class='ocr_carea' id='block_1_2' title="bbox 138 289 895 1590">
    <p class='ocr_par' dir='ltr' id='par_1_2' title="bbox 138 289 895 1590">
     <span class='ocr_line' id='line_1_2' title="bbox 160 289 895 341; baseline 0.005 -16"><span class='ocrx_word' id='word_1_6' title='bbox 160 290 227 335; x_wconf 83' lang='lat' dir='ltr'>ctione,</span> <span class='ocrx_word' id='word_1_7' title='bbox 241 290 326 337; x_wconf 90' lang='lat' dir='ltr'>quoniam</span> <span class='ocrx_word' id='word_1_8' title='bbox 340 289 370 338; x_wconf 88' lang='lat' dir='ltr'>qui</span> <span class='ocrx_word' id='word_1_9' title='bbox 383 302 436 338; x_wconf 90' lang='lat' dir='ltr'>parce</span> <span class='ocrx_word' id='word_1_10' title='bbox 448 303 495 327; x_wconf 87' lang='lat' dir='ltr'>nunc</span> <span class='ocrx_word' id='word_1_11' title='bbox 508 290 594 341; x_wconf 83' lang='lat' dir='ltr'>seminat,</span> <span class='ocrx_word' id='word_1_12' title='bbox 607 291 625 327; x_wconf 91' lang='lat' dir='ltr'>in</span> <span class='ocrx_word' id='word_1_13' title='bbox 638 289 668 327; x_wconf 87' lang='lat' dir='ltr'>illa</span> <span class='ocrx_word' id='word_1_14' title='bbox 680 302 751 339; x_wconf 89' lang='lat' dir='ltr'>quoque</span> <span class='ocrx_word' id='word_1_15' title='bbox 764 290 835 328; x_wconf 85' lang='lat' dir='ltr'>futurae</span> <span class='ocrx_word' id='word_1_16' title='bbox 848 304 895 329; x_wconf 90' lang='lat' dir='ltr'>mer-</span> 
     </span>
     <span class='ocr_line' id='line_1_3' title="bbox 160 348 894 400; baseline 0.004 -15"><span class='ocrx_word' id='word_1_17' title='bbox 160 348 207 386; x_wconf 98' lang='lat' dir='ltr'>cedis</span> <span class='ocrx_word' id='word_1_18' title='bbox 221 348 337 386; x_wconf 71' lang='lat' dir='ltr'>retributione</span> <span class='ocrx_word' id='word_1_19' title='bbox 354 362 406 398; x_wconf 82' lang='lat' dir='ltr'>parce</span> <span class='ocrx_word' id='word_1_20' title='bbox 419 359 436 386; x_wconf 93' lang='lat' dir='ltr'>et</span> <span class='ocrx_word' id='word_1_21' title='bbox 450 358 510 387; x_wconf 87' lang='lat' dir='ltr'>metet.</span> <span class='ocrx_word' id='word_1_22' title='bbox 523 349 649 387; x_wconf 79' lang='lat' dir='ltr'>Laborandum</span> <span class='ocrx_word' id='word_1_23' title='bbox 661 362 709 386; x_wconf 89' lang='lat' dir='ltr'>nunc</span> <span class='ocrx_word' id='word_1_24' title='bbox 723 359 759 396; x_wconf 87' lang='lat' dir='ltr'>est,</span> <span class='ocrx_word' id='word_1_25' title='bbox 773 360 790 387; x_wconf 92' lang='lat' dir='ltr'>et</span> <span class='ocrx_word' id='word_1_26' title='bbox 803 363 894 400; x_wconf 86' lang='lat' dir='ltr'>nunquam</span> 
     </span>
     <span class='ocr_line' id='line_1_4' title="bbox 160 408 894 458; baseline 0.003 -14"><span class='ocrx_word' id='word_1_27' title='bbox 160 422 168 445; x_wconf 92' lang='lat' dir='ltr'>a</span> <span class='ocrx_word' id='word_1_28' title='bbox 182 408 230 446; x_wconf 90' lang='lat' dir='ltr'>bono</span> <span class='ocrx_word' id='word_1_29' title='bbox 243 421 297 457; x_wconf 88' lang='lat' dir='ltr'>opere</span> <span class='ocrx_word' id='word_1_30' title='bbox 311 408 421 455; x_wconf 87' lang='lat' dir='ltr'>cessandum,</span> <span class='ocrx_word' id='word_1_31' title='bbox 434 410 518 457; x_wconf 86' lang='lat' dir='ltr'>quoniam</span> <span class='ocrx_word' id='word_1_32' title='bbox 532 409 616 458; x_wconf 84' lang='lat' dir='ltr'>quicquid</span> <span class='ocrx_word' id='word_1_33' title='bbox 630 410 665 445; x_wconf 91' lang='lat' dir='ltr'>iam</span> <span class='ocrx_word' id='word_1_34' title='bbox 679 408 707 445; x_wconf 91' lang='lat' dir='ltr'>hic</span> <span class='ocrx_word' id='word_1_35' title='bbox 720 410 788 457; x_wconf 88' lang='lat' dir='ltr'>operati</span> <span class='ocrx_word' id='word_1_36' title='bbox 801 409 894 456; x_wconf 80' lang='lat' dir='ltr'>fuerimus,</span> 
     </span>
     <span class='ocr_line' id='line_1_5' title="bbox 159 467 893 518; baseline 0.003 -14"><span class='ocrx_word' id='word_1_37' title='bbox 159 467 182 505; x_wconf 92' lang='lat' dir='ltr'>ibi</span> <span class='ocrx_word' id='word_1_38' title='bbox 196 467 258 518; x_wconf 84' lang='lat' dir='ltr'>procul</span> <span class='ocrx_word' id='word_1_39' title='bbox 272 467 326 505; x_wconf 70' lang='lat' dir='ltr'>(lubio</span> <span class='ocrx_word' id='word_1_40' title='bbox 340 468 453 517; x_wconf 82' lang='lat' dir='ltr'>recipiemus.</span> <span class='ocrx_word' id='word_1_41' title='bbox 463 468 480 504; x_wconf 86' lang='lat' dir='ltr'>Si</span> <span class='ocrx_word' id='word_1_42' title='bbox 490 468 528 517; x_wconf 86' lang='lat' dir='ltr'>quis</span> <span class='ocrx_word' id='word_1_43' title='bbox 538 480 580 517; x_wconf 84' lang='lat' dir='ltr'>ergo</span> <span class='ocrx_word' id='word_1_44' title='bbox 592 467 648 505; x_wconf 87' lang='lat' dir='ltr'>fidelis</span> <span class='ocrx_word' id='word_1_45' title='bbox 658 468 703 505; x_wconf 91' lang='lat' dir='ltr'>inter</span> <span class='ocrx_word' id='word_1_46' title='bbox 712 482 743 505; x_wconf 91' lang='lat' dir='ltr'>vos</span> <span class='ocrx_word' id='word_1_47' title='bbox 754 476 779 505; x_wconf 83' lang='lat' dir='ltr'>e&#39;sr</span> <span class='ocrx_word' id='word_1_48' title='bbox 789 468 893 514; x_wconf 87' lang='lat' dir='ltr'>monachus,</span> 
     </span>
     <span class='ocr_line' id='line_1_6' title="bbox 159 527 893 577; baseline 0.003 -13"><span class='ocrx_word' id='word_1_49' title='bbox 159 529 173 564; x_wconf 94' lang='lat' dir='ltr'>si</span> <span class='ocrx_word' id='word_1_50' title='bbox 186 529 225 577; x_wconf 85' lang='lat' dir='ltr'>quis</span> <span class='ocrx_word' id='word_1_51' title='bbox 240 528 321 577; x_wconf 89' lang='lat' dir='ltr'>propriae</span> <span class='ocrx_word' id='word_1_52' title='bbox 334 527 396 564; x_wconf 87' lang='lat' dir='ltr'>salutis</span> <span class='ocrx_word' id='word_1_53' title='bbox 409 527 500 564; x_wconf 88' lang='lat' dir='ltr'>studiosus</span> <span class='ocrx_word' id='word_1_54' title='bbox 514 537 589 573; x_wconf 85' lang='lat' dir='ltr'>amator,</span> <span class='ocrx_word' id='word_1_55' title='bbox 604 539 674 577; x_wconf 83' lang='lat' dir='ltr'>semper</span> <span class='ocrx_word' id='word_1_56' title='bbox 686 527 751 564; x_wconf 90' lang='lat' dir='ltr'>horam</span> <span class='ocrx_word' id='word_1_57' title='bbox 764 528 834 566; x_wconf 83' lang='lat' dir='ltr'>futurae</span> <span class='ocrx_word' id='word_1_58' title='bbox 847 542 893 566; x_wconf 85' lang='lat' dir='ltr'>nter-</span> 
     </span>
     <span class='ocr_line' id='line_1_7' title="bbox 159 585 892 636; baseline 0 -11"><span class='ocrx_word' id='word_1_59' title='bbox 159 588 213 634; x_wconf 88' lang='lat' dir='ltr'>cedis,</span> <span class='ocrx_word' id='word_1_60' title='bbox 226 600 279 636; x_wconf 87' lang='lat' dir='ltr'>quam</span> <span class='ocrx_word' id='word_1_61' title='bbox 293 600 347 625; x_wconf 91' lang='lat' dir='ltr'>nemo</span> <span class='ocrx_word' id='word_1_62' title='bbox 361 595 419 635; x_wconf 93' lang='lat' dir='ltr'>potest</span> <span class='ocrx_word' id='word_1_63' title='bbox 432 585 563 636; x_wconf 82' lang='lat' dir='ltr'>subterfugere,</span> <span class='ocrx_word' id='word_1_64' title='bbox 578 588 650 636; x_wconf 77' lang='lat' dir='ltr'>cogitet,</span> <span class='ocrx_word' id='word_1_65' title='bbox 665 600 735 636; x_wconf 83' lang='lat' dir='ltr'>semper</span> <span class='ocrx_word' id='word_1_66' title='bbox 748 586 770 624; x_wconf 90' lang='lat' dir='ltr'>ad</span> <span class='ocrx_word' id='word_1_67' title='bbox 783 587 892 625; x_wconf 89' lang='lat' dir='ltr'>reddendum</span> 
     </span>
     <span class='ocr_line' id='line_1_8' title="bbox 158 646 893 696; baseline 0.003 -13"><span class='ocrx_word' id='word_1_68' title='bbox 158 647 272 684; x_wconf 82' lang='lat' dir='ltr'>villicationis</span> <span class='ocrx_word' id='word_1_69' title='bbox 286 661 327 684; x_wconf 87' lang='lat' dir='ltr'>suae</span> <span class='ocrx_word' id='word_1_70' title='bbox 340 646 429 684; x_wconf 90' lang='lat' dir='ltr'>rationem</span> <span class='ocrx_word' id='word_1_71' title='bbox 442 659 461 683; x_wconf 92' lang='lat' dir='ltr'>se</span> <span class='ocrx_word' id='word_1_72' title='bbox 475 656 530 696; x_wconf 91' lang='lat' dir='ltr'>paret.</span> <span class='ocrx_word' id='word_1_73' title='bbox 544 646 597 684; x_wconf 87' lang='lat' dir='ltr'>Nulla</span> <span class='ocrx_word' id='word_1_74' title='bbox 611 646 647 684; x_wconf 91' lang='lat' dir='ltr'>dies</span> <span class='ocrx_word' id='word_1_75' title='bbox 661 659 739 695; x_wconf 87' lang='lat' dir='ltr'>unquam</span> <span class='ocrx_word' id='word_1_76' title='bbox 755 658 862 696; x_wconf 85' lang='lat' dir='ltr'>praetereat,</span> <span class='ocrx_word' id='word_1_77' title='bbox 876 650 893 686; x_wconf 90' lang='lat' dir='ltr'>in</span> 
     </span>
     <span class='ocr_line' id='line_1_9' title="bbox 159 704 893 757; baseline 0.003 -14"><span class='ocrx_word' id='word_1_78' title='bbox 159 721 194 757; x_wconf 85' lang='lat' dir='ltr'>qua</span> <span class='ocrx_word' id='word_1_79' title='bbox 211 720 247 745; x_wconf 92' lang='lat' dir='ltr'>non</span> <span class='ocrx_word' id='word_1_80' title='bbox 264 707 326 744; x_wconf 89' lang='lat' dir='ltr'>fecerit</span> <span class='ocrx_word' id='word_1_81' title='bbox 343 705 415 755; x_wconf 80' lang='lat' dir='ltr'>aliquod</span> <span class='ocrx_word' id='word_1_82' title='bbox 431 718 476 754; x_wconf 92' lang='lat' dir='ltr'>opus</span> <span class='ocrx_word' id='word_1_83' title='bbox 492 704 557 743; x_wconf 90' lang='lat' dir='ltr'>bonum</span> <span class='ocrx_word' id='word_1_84' title='bbox 574 706 696 755; x_wconf 83' lang='lat' dir='ltr'>singulariter,</span> <span class='ocrx_word' id='word_1_85' title='bbox 710 707 758 755; x_wconf 92' lang='lat' dir='ltr'>quod</span> <span class='ocrx_word' id='word_1_86' title='bbox 775 707 797 743; x_wconf 92' lang='lat' dir='ltr'>ad</span> <span class='ocrx_word' id='word_1_87' title='bbox 814 707 893 745; x_wconf 85' lang='lat' dir='ltr'>futuram</span> 
     </span>
     <span class='ocr_line' id='line_1_10' title="bbox 158 764 892 815; baseline 0 -11"><span class='ocrx_word' id='word_1_88' title='bbox 158 765 293 804; x_wconf 88' lang='lat' dir='ltr'>retributionem</span> <span class='ocrx_word' id='word_1_89' title='bbox 308 764 476 813; x_wconf 65' lang='lat' dir='ltr'>promtuarium</span> <span class='ocrx_word' id='word_1_90' title='bbox 490 778 508 801; x_wconf 93' lang='lat' dir='ltr'>se</span> <span class='ocrx_word' id='word_1_91' title='bbox 522 764 569 801; x_wconf 90' lang='lat' dir='ltr'>diem</span> <span class='ocrx_word' id='word_1_92' title='bbox 583 765 687 815; x_wconf 81' lang='lat' dir='ltr'>expendisse</span> <span class='ocrx_word' id='word_1_93' title='bbox 699 765 785 803; x_wconf 89' lang='lat' dir='ltr'>inutiliter</span> <span class='ocrx_word' id='word_1_94' title='bbox 799 767 892 811; x_wconf 88' lang='lat' dir='ltr'>existimet,</span> 
     </span>
     <span class='ocr_line' id='line_1_11' title="bbox 159 823 892 877; baseline 0.003 -14"><span class='ocrx_word' id='word_1_95' title='bbox 159 829 221 876; x_wconf 82' lang='lat' dir='ltr'>inquo</span> <span class='ocrx_word' id='word_1_96' title='bbox 231 839 266 863; x_wconf 94' lang='lat' dir='ltr'>uon</span> <span class='ocrx_word' id='word_1_97' title='bbox 276 825 367 874; x_wconf 77' lang='lat' dir='ltr'>praemisit</span> <span class='ocrx_word' id='word_1_98' title='bbox 376 823 443 861; x_wconf 86' lang='lat' dir='ltr'>bonum</span> <span class='ocrx_word' id='word_1_99' title='bbox 454 837 503 872; x_wconf 86' lang='lat' dir='ltr'>opus,</span> <span class='ocrx_word' id='word_1_100' title='bbox 513 824 560 874; x_wconf 86' lang='lat' dir='ltr'>quod</span> <span class='ocrx_word' id='word_1_101' title='bbox 570 825 719 863; x_wconf 83' lang='lat' dir='ltr'>remunerandum</span> <span class='ocrx_word' id='word_1_102' title='bbox 728 837 815 876; x_wconf 82' lang='lat' dir='ltr'>expectet.</span> <span class='ocrx_word' id='word_1_103' title='bbox 823 828 892 877; x_wconf 81' lang='lat' dir='ltr'>Agrum</span> 
     </span>
     <span class='ocr_line' id='line_1_12' title="bbox 159 883 893 934; baseline 0.003 -11"><span class='ocrx_word' id='word_1_104' title='bbox 159 886 216 924; x_wconf 91' lang='lat' dir='ltr'>cordis</span> <span class='ocrx_word' id='word_1_105' title='bbox 230 887 257 923; x_wconf 88' lang='lat' dir='ltr'>sui</span> <span class='ocrx_word' id='word_1_106' title='bbox 270 885 368 923; x_wconf 89' lang='lat' dir='ltr'>monachus</span> <span class='ocrx_word' id='word_1_107' title='bbox 382 883 439 921; x_wconf 92' lang='lat' dir='ltr'>bonus</span> <span class='ocrx_word' id='word_1_108' title='bbox 453 886 504 921; x_wconf 92' lang='lat' dir='ltr'>omni</span> <span class='ocrx_word' id='word_1_109' title='bbox 517 894 598 934; x_wconf 89' lang='lat' dir='ltr'>tempore</span> <span class='ocrx_word' id='word_1_110' title='bbox 611 887 680 923; x_wconf 87' lang='lat' dir='ltr'>studeat</span> <span class='ocrx_word' id='word_1_111' title='bbox 693 886 784 933; x_wconf 83' lang='lat' dir='ltr'>excolere,</span> <span class='ocrx_word' id='word_1_112' title='bbox 799 897 817 924; x_wconf 89' lang='lat' dir='ltr'>et</span> <span class='ocrx_word' id='word_1_113' title='bbox 830 901 893 925; x_wconf 92' lang='lat' dir='ltr'>omnes</span> 
     </span>
     <span class='ocr_line' id='line_1_13' title="bbox 158 944 891 995; baseline 0.003 -13"><span class='ocrx_word' id='word_1_114' title='bbox 158 957 226 992; x_wconf 87' lang='lat' dir='ltr'>sentes,</span> <span class='ocrx_word' id='word_1_115' title='bbox 240 959 260 982; x_wconf 90' lang='lat' dir='ltr'>ac</span> <span class='ocrx_word' id='word_1_116' title='bbox 273 945 348 981; x_wconf 91' lang='lat' dir='ltr'>tribulos</span> <span class='ocrx_word' id='word_1_117' title='bbox 362 944 449 981; x_wconf 85' lang='lat' dir='ltr'>malarum</span> <span class='ocrx_word' id='word_1_118' title='bbox 463 944 576 981; x_wconf 82' lang='lat' dir='ltr'>affectionum</span> <span class='ocrx_word' id='word_1_119' title='bbox 590 947 680 994; x_wconf 86' lang='lat' dir='ltr'>paenitus,</span> <span class='ocrx_word' id='word_1_120' title='bbox 694 956 780 995; x_wconf 86' lang='lat' dir='ltr'>quantum</span> <span class='ocrx_word' id='word_1_121' title='bbox 796 947 891 995; x_wconf 82' lang='lat' dir='ltr'>praevalet,</span> 
     </span>
     <span class='ocr_line' id='line_1_14' title="bbox 158 1005 892 1056; baseline -0.001 -11"><span class='ocrx_word' id='word_1_122' title='bbox 158 1009 251 1055; x_wconf 87' lang='lat' dir='ltr'>extirpare.</span> <span class='ocrx_word' id='word_1_123' title='bbox 266 1007 326 1042; x_wconf 87' lang='lat' dir='ltr'>Discat</span> <span class='ocrx_word' id='word_1_124' title='bbox 340 1005 439 1041; x_wconf 90' lang='lat' dir='ltr'>Dominum</span> <span class='ocrx_word' id='word_1_125' title='bbox 453 1005 513 1041; x_wconf 86' lang='lat' dir='ltr'>lesum</span> <span class='ocrx_word' id='word_1_126' title='bbox 530 1018 582 1053; x_wconf 84' lang='lat' dir='ltr'>snper</span> <span class='ocrx_word' id='word_1_127' title='bbox 596 1007 655 1043; x_wconf 91' lang='lat' dir='ltr'>omnia</span> <span class='ocrx_word' id='word_1_128' title='bbox 673 1018 717 1054; x_wconf 85' lang='lat' dir='ltr'>pura</span> <span class='ocrx_word' id='word_1_129' title='bbox 734 1015 795 1043; x_wconf 89' lang='lat' dir='ltr'>mente</span> <span class='ocrx_word' id='word_1_130' title='bbox 812 1006 892 1056; x_wconf 83' lang='lat' dir='ltr'>diligere,</span> 
     </span>
     <span class='ocr_line' id='line_1_15' title="bbox 156 1064 892 1116; baseline -0.003 -12"><span class='ocrx_word' id='word_1_131' title='bbox 156 1067 175 1105; x_wconf 58' lang='lat' dir='ltr'>&#39;et</span> <span class='ocrx_word' id='word_1_132' title='bbox 188 1066 273 1116; x_wconf 83' lang='lat' dir='ltr'>quicquid</span> <span class='ocrx_word' id='word_1_133' title='bbox 286 1065 377 1102; x_wconf 83' lang='lat' dir='ltr'>ttrandavit</span> <span class='ocrx_word' id='word_1_134' title='bbox 386 1064 421 1108; x_wconf 83' lang='lat' dir='ltr'>iile,</span> <span class='ocrx_word' id='word_1_135' title='bbox 431 1064 670 1115; x_wconf 83' lang='lat' dir='ltr'>diligentissimecustodire.</span> <span class='ocrx_word' id='word_1_136' title='bbox 680 1065 759 1102; x_wconf 89' lang='lat' dir='ltr'>Seminet</span> <span class='ocrx_word' id='word_1_137' title='bbox 768 1068 786 1102; x_wconf 92' lang='lat' dir='ltr'>in</span> <span class='ocrx_word' id='word_1_138' title='bbox 796 1065 892 1115; x_wconf 82' lang='lat' dir='ltr'>lachrymis</span> 
     </span>
     <span class='ocr_line' id='line_1_16' title="bbox 158 1123 892 1173; baseline -0.004 -8"><span class='ocrx_word' id='word_1_139' title='bbox 158 1127 266 1172; x_wconf 86' lang='lat' dir='ltr'>devotionis,</span> <span class='ocrx_word' id='word_1_140' title='bbox 277 1135 294 1162; x_wconf 91' lang='lat' dir='ltr'>et</span> <span class='ocrx_word' id='word_1_141' title='bbox 308 1125 424 1170; x_wconf 84' lang='lat' dir='ltr'>constantiae,</span> <span class='ocrx_word' id='word_1_142' title='bbox 434 1124 481 1173; x_wconf 90' lang='lat' dir='ltr'>quod</span> <span class='ocrx_word' id='word_1_143' title='bbox 495 1134 550 1161; x_wconf 87' lang='lat' dir='ltr'>metat</span> <span class='ocrx_word' id='word_1_144' title='bbox 563 1138 603 1161; x_wconf 89' lang='lat' dir='ltr'>curn</span> <span class='ocrx_word' id='word_1_145' title='bbox 617 1123 700 1162; x_wconf 87' lang='lat' dir='ltr'>omnibus</span> <span class='ocrx_word' id='word_1_146' title='bbox 713 1126 778 1161; x_wconf 90' lang='lat' dir='ltr'>sanctis</span> <span class='ocrx_word' id='word_1_147' title='bbox 791 1126 809 1162; x_wconf 92' lang='lat' dir='ltr'>in</span> <span class='ocrx_word' id='word_1_148' title='bbox 825 1125 892 1163; x_wconf 88' lang='lat' dir='ltr'>exulta·</span> 
     </span>
     <span class='ocr_line' id='line_1_17' title="bbox 157 1182 892 1234; baseline -0.003 -10"><span class='ocrx_word' id='word_1_149' title='bbox 157 1189 212 1224; x_wconf 89' lang='lat' dir='ltr'>tione.</span> <span class='ocrx_word' id='word_1_150' title='bbox 225 1187 266 1223; x_wconf 86' lang='lat' dir='ltr'>Nou</span> <span class='ocrx_word' id='word_1_151' title='bbox 281 1185 367 1221; x_wconf 87' lang='lat' dir='ltr'>deterreat</span> <span class='ocrx_word' id='word_1_152' title='bbox 380 1193 460 1220; x_wconf 88' lang='lat' dir='ltr'>mentem</span> <span class='ocrx_word' id='word_1_153' title='bbox 474 1182 563 1221; x_wconf 86' lang='lat' dir='ltr'>laborandi</span> <span class='ocrx_word' id='word_1_154' title='bbox 577 1183 670 1221; x_wconf 85' lang='lat' dir='ltr'>difficultas</span> <span class='ocrx_word' id='word_1_155' title='bbox 683 1184 759 1230; x_wconf 89' lang='lat' dir='ltr'>assidua,</span> <span class='ocrx_word' id='word_1_156' title='bbox 773 1197 810 1222; x_wconf 90' lang='lat' dir='ltr'>non</span> <span class='ocrx_word' id='word_1_157' title='bbox 823 1184 892 1234; x_wconf 86' lang='lat' dir='ltr'>frangat</span> 
     </span>
     <span class='ocr_line' id='line_1_18' title="bbox 157 1243 892 1294; baseline -0.003 -11"><span class='ocrx_word' id='word_1_158' title='bbox 157 1248 236 1283; x_wconf 90' lang='lat' dir='ltr'>animum</span> <span class='ocrx_word' id='word_1_159' title='bbox 255 1245 311 1281; x_wconf 85' lang='lat' dir='ltr'>carnis</span> <span class='ocrx_word' id='word_1_160' title='bbox 330 1244 425 1281; x_wconf 85' lang='lat' dir='ltr'>decertatio</span> <span class='ocrx_word' id='word_1_161' title='bbox 443 1243 495 1287; x_wconf 89' lang='lat' dir='ltr'>dura,</span> <span class='ocrx_word' id='word_1_162' title='bbox 509 1244 594 1292; x_wconf 84' lang='lat' dir='ltr'>quoniam</span> <span class='ocrx_word' id='word_1_163' title='bbox 611 1244 641 1292; x_wconf 86' lang='lat' dir='ltr'>qui</span> <span class='ocrx_word' id='word_1_164' title='bbox 658 1256 720 1292; x_wconf 86' lang='lat' dir='ltr'>parurn</span> <span class='ocrx_word' id='word_1_165' title='bbox 738 1243 814 1288; x_wconf 85' lang='lat' dir='ltr'>laborat,</span> <span class='ocrx_word' id='word_1_166' title='bbox 828 1258 892 1294; x_wconf 88' lang='lat' dir='ltr'>parum</span> 
     </span>
     <span class='ocr_line' id='line_1_19' title="bbox 158 1301 891 1351; baseline -0.001 -10"><span class='ocrx_word' id='word_1_167' title='bbox 158 1304 224 1341; x_wconf 81' lang='lat' dir='ltr'>fructus</span> <span class='ocrx_word' id='word_1_168' title='bbox 242 1305 260 1340; x_wconf 90' lang='lat' dir='ltr'>in</span> <span class='ocrx_word' id='word_1_169' title='bbox 276 1316 334 1339; x_wconf 89' lang='lat' dir='ltr'>messe</span> <span class='ocrx_word' id='word_1_170' title='bbox 351 1301 429 1351; x_wconf 77' lang='lat' dir='ltr'>colligit:</span> <span class='ocrx_word' id='word_1_171' title='bbox 443 1303 502 1350; x_wconf 88' lang='lat' dir='ltr'>etqui</span> <span class='ocrx_word' id='word_1_172' title='bbox 518 1315 565 1339; x_wconf 85' lang='lat' dir='ltr'>nurrc</span> <span class='ocrx_word' id='word_1_173' title='bbox 583 1302 660 1339; x_wconf 86' lang='lat' dir='ltr'>muitum</span> <span class='ocrx_word' id='word_1_174' title='bbox 674 1315 706 1351; x_wconf 92' lang='lat' dir='ltr'>pro</span> <span class='ocrx_word' id='word_1_175' title='bbox 720 1302 785 1339; x_wconf 85' lang='lat' dir='ltr'>Christi</span> <span class='ocrx_word' id='word_1_176' title='bbox 800 1316 861 1340; x_wconf 90' lang='lat' dir='ltr'>amore</span> <span class='ocrx_word' id='word_1_177' title='bbox 874 1304 891 1340; x_wconf 94' lang='lat' dir='ltr'>in</span> 
     </span>
     <span class='ocr_line' id='line_1_20' title="bbox 156 1360 892 1412; baseline -0.001 -11"><span class='ocrx_word' id='word_1_178' title='bbox 156 1364 253 1412; x_wconf 83' lang='lat' dir='ltr'>lachrymis</span> <span class='ocrx_word' id='word_1_179' title='bbox 267 1363 350 1406; x_wconf 87' lang='lat' dir='ltr'>seminat,</span> <span class='ocrx_word' id='word_1_180' title='bbox 365 1360 442 1408; x_wconf 85' lang='lat' dir='ltr'>fructum</span> <span class='ocrx_word' id='word_1_181' title='bbox 461 1362 478 1396; x_wconf 96' lang='lat' dir='ltr'>in</span> <span class='ocrx_word' id='word_1_182' title='bbox 496 1361 526 1399; x_wconf 93' lang='lat' dir='ltr'>illo</span> <span class='ocrx_word' id='word_1_183' title='bbox 544 1362 572 1398; x_wconf 87' lang='lat' dir='ltr'>die</span> <span class='ocrx_word' id='word_1_184' title='bbox 589 1362 731 1410; x_wconf 85' lang='lat' dir='ltr'>copiosissimum</span> <span class='ocrx_word' id='word_1_185' title='bbox 746 1371 829 1410; x_wconf 88' lang='lat' dir='ltr'>reportat.</span> <span class='ocrx_word' id='word_1_186' title='bbox 843 1364 892 1400; x_wconf 82' lang='lat' dir='ltr'>Haec</span> 
     </span>
     <span class='ocr_line' id='line_1_21' title="bbox 156 1420 890 1472; baseline -0.001 -12"><span class='ocrx_word' id='word_1_187' title='bbox 156 1425 204 1460; x_wconf 87' lang='lat' dir='ltr'>enim</span> <span class='ocrx_word' id='word_1_188' title='bbox 219 1421 314 1460; x_wconf 88' lang='lat' dir='ltr'>destinatio</span> <span class='ocrx_word' id='word_1_189' title='bbox 328 1420 383 1456; x_wconf 87' lang='lat' dir='ltr'>nostri</span> <span class='ocrx_word' id='word_1_190' title='bbox 398 1429 424 1456; x_wconf 91' lang='lat' dir='ltr'>est</span> <span class='ocrx_word' id='word_1_191' title='bbox 439 1421 516 1465; x_wconf 87' lang='lat' dir='ltr'>itineris,</span> <span class='ocrx_word' id='word_1_192' title='bbox 531 1420 603 1467; x_wconf 85' lang='lat' dir='ltr'>iratres,</span> <span class='ocrx_word' id='word_1_193' title='bbox 617 1420 664 1470; x_wconf 90' lang='lat' dir='ltr'>quod</span> <span class='ocrx_word' id='word_1_194' title='bbox 678 1421 695 1458; x_wconf 93' lang='lat' dir='ltr'>in</span> <span class='ocrx_word' id='word_1_195' title='bbox 709 1423 797 1470; x_wconf 89' lang='lat' dir='ltr'>praesenti</span> <span class='ocrx_word' id='word_1_196' title='bbox 813 1423 890 1472; x_wconf 83' lang='lat' dir='ltr'>peregri·</span> 
     </span>
     <span class='ocr_line' id='line_1_22' title="bbox 157 1479 890 1530; baseline 0 -11"><span class='ocrx_word' id='word_1_197' title='bbox 157 1484 228 1519; x_wconf 90' lang='lat' dir='ltr'>natione</span> <span class='ocrx_word' id='word_1_198' title='bbox 246 1482 324 1530; x_wconf 81' lang='lat' dir='ltr'>agimus,</span> <span class='ocrx_word' id='word_1_199' title='bbox 339 1491 358 1516; x_wconf 90' lang='lat' dir='ltr'>ut</span> <span class='ocrx_word' id='word_1_200' title='bbox 369 1480 461 1516; x_wconf 82' lang='lat' dir='ltr'>continua</span> <span class='ocrx_word' id='word_1_201' title='bbox 478 1479 568 1525; x_wconf 89' lang='lat' dir='ltr'>laborum,</span> <span class='ocrx_word' id='word_1_202' title='bbox 587 1492 603 1517; x_wconf 91' lang='lat' dir='ltr'>et</span> <span class='ocrx_word' id='word_1_203' title='bbox 621 1481 747 1518; x_wconf 82' lang='lat' dir='ltr'>adversitatum</span> <span class='ocrx_word' id='word_1_204' title='bbox 764 1482 890 1519; x_wconf 80' lang='lat' dir='ltr'>exercitatione</span> 
     </span>
     <span class='ocr_line' id='line_1_23' title="bbox 138 1537 709 1590; baseline -0.002 -13"><span class='ocrx_word' id='word_1_205' title='bbox 138 1539 140 1542; x_wconf 74' lang='grc'><strong>’</strong></span> <span class='ocrx_word' id='word_1_206' title='bbox 155 1542 233 1590; x_wconf 83' lang='lat' dir='ltr'>purgati,</span> <span class='ocrx_word' id='word_1_207' title='bbox 248 1541 288 1576; x_wconf 93' lang='lat' dir='ltr'>hinc</span> <span class='ocrx_word' id='word_1_208' title='bbox 302 1537 371 1584; x_wconf 87' lang='lat' dir='ltr'>rnundi,</span> <span class='ocrx_word' id='word_1_209' title='bbox 386 1548 403 1575; x_wconf 91' lang='lat' dir='ltr'>et</span> <span class='ocrx_word' id='word_1_210' title='bbox 418 1540 457 1586; x_wconf 86' lang='lat' dir='ltr'>puri</span> <span class='ocrx_word' id='word_1_211' title='bbox 470 1538 491 1575; x_wconf 88' lang='lat' dir='ltr'>ad</span> <span class='ocrx_word' id='word_1_212' title='bbox 505 1539 579 1588; x_wconf 86' lang='lat' dir='ltr'>patriam</span> <span class='ocrx_word' id='word_1_213' title='bbox 593 1552 682 1576; x_wconf 77' lang='lat' dir='ltr'>exeamus</span> <span class='ocrx_word' id='word_1_214' title='bbox 706 1570 709 1576; x_wconf 92' lang='lat'><strong>.</strong></span> 
     </span>
    </p>
   </div>
   <div class='ocr_carea' id='block_1_3' title="bbox 308 1668 738 1706">
    <p class='ocr_par' dir='ltr' id='par_1_3' title="bbox 308 1668 738 1706">
     <span class='ocr_line' id='line_1_24' title="bbox 308 1668 738 1706; baseline 0.002 -7"><span class='ocrx_word' id='word_1_215' title='bbox 308 1671 335 1699; x_wconf 82' lang='lat' dir='ltr'>De</span> <span class='ocrx_word' id='word_1_216' title='bbox 340 1668 420 1706; x_wconf 69' lang='lat' dir='ltr'>flaglando</span> <span class='ocrx_word' id='word_1_217' title='bbox 429 1672 520 1706; x_wconf 78' lang='lat' dir='ltr'>pravorum</span> <span class='ocrx_word' id='word_1_218' title='bbox 530 1669 614 1700; x_wconf 68' lang='lat' dir='ltr'>consortio</span> <span class='ocrx_word' id='word_1_219' title='bbox 626 1669 697 1700; x_wconf 80' lang='lat' dir='ltr'>Horrrilr&#39;a</span> <span class='ocrx_word' id='word_1_220' title='bbox 708 1670 738 1700; x_wconf 74' lang='lat' dir='ltr'>XL</span> 
     </span>
    </p>
   </div>
   <div class='ocr_carea' id='block_1_4' title="bbox 81 1777 889 2420">
    <p class='ocr_par' dir='ltr' id='par_1_4' title="bbox 81 1777 889 2420">
     <span class='ocr_line' id='line_1_25' title="bbox 191 1777 889 1824; baseline 0 -6"><span class='ocrx_word' id='word_1_221' title='bbox 191 1792 275 1818; x_wconf 77' lang='lat' dir='ltr'>nxvonbn</span> <span class='ocrx_word' id='word_1_222' title='bbox 288 1779 377 1816; x_wconf 88' lang='lat' dir='ltr'>consortia</span> <span class='ocrx_word' id='word_1_223' title='bbox 391 1777 458 1814; x_wconf 90' lang='lat' dir='ltr'>multos</span> <span class='ocrx_word' id='word_1_224' title='bbox 472 1791 480 1814; x_wconf 93' lang='lat' dir='ltr'>a</span> <span class='ocrx_word' id='word_1_225' title='bbox 494 1778 522 1815; x_wconf 91' lang='lat' dir='ltr'>via</span> <span class='ocrx_word' id='word_1_226' title='bbox 535 1778 619 1824; x_wconf 91' lang='lat' dir='ltr'>Domini,</span> <span class='ocrx_word' id='word_1_227' title='bbox 635 1788 651 1815; x_wconf 92' lang='lat' dir='ltr'>et</span> <span class='ocrx_word' id='word_1_228' title='bbox 668 1778 761 1816; x_wconf 89' lang='lat' dir='ltr'>salvatoris</span> <span class='ocrx_word' id='word_1_229' title='bbox 777 1781 834 1817; x_wconf 87' lang='lat' dir='ltr'>nostri</span> <span class='ocrx_word' id='word_1_230' title='bbox 849 1781 889 1818; x_wconf 88' lang='lat' dir='ltr'>lesu</span> 
     </span>
     <span class='ocr_line' id='line_1_26' title="bbox 199 1837 889 1887; baseline 0.004 -11"><span class='ocrx_word' id='word_1_231' title='bbox 199 1839 265 1876; x_wconf 86' lang='lat' dir='ltr'>Christi</span> <span class='ocrx_word' id='word_1_232' title='bbox 278 1848 394 1875; x_wconf 88' lang='lat' dir='ltr'>retraxerunt.</span> <span class='ocrx_word' id='word_1_233' title='bbox 408 1838 510 1886; x_wconf 86' lang='lat' dir='ltr'>Propterea,</span> <span class='ocrx_word' id='word_1_234' title='bbox 521 1837 585 1887; x_wconf 83' lang='lat' dir='ltr'>fratres</span> <span class='ocrx_word' id='word_1_235' title='bbox 598 1840 634 1876; x_wconf 90' lang='lat' dir='ltr'>mei</span> <span class='ocrx_word' id='word_1_236' title='bbox 647 1839 770 1885; x_wconf 84' lang='lat' dir='ltr'>arnantissimi,</span> <span class='ocrx_word' id='word_1_237' title='bbox 783 1853 819 1877; x_wconf 89' lang='lat' dir='ltr'>non</span> <span class='ocrx_word' id='word_1_238' title='bbox 833 1854 889 1879; x_wconf 90' lang='lat' dir='ltr'>cessa-</span> 
     </span>
     <span class='ocr_line' id='line_1_27' title="bbox 155 1897 889 1946; baseline 0.004 -11"><span class='ocrx_word' id='word_1_239' title='bbox 155 1912 195 1935; x_wconf 88' lang='lat' dir='ltr'>urus</span> <span class='ocrx_word' id='word_1_240' title='bbox 208 1898 304 1935; x_wconf 86' lang='lat' dir='ltr'>admonere</span> <span class='ocrx_word' id='word_1_241' title='bbox 317 1911 355 1941; x_wconf 87' lang='lat' dir='ltr'>vos,</span> <span class='ocrx_word' id='word_1_242' title='bbox 370 1909 457 1946; x_wconf 86' lang='lat' dir='ltr'>quatenus</span> <span class='ocrx_word' id='word_1_243' title='bbox 472 1910 513 1934; x_wconf 92' lang='lat' dir='ltr'>cum</span> <span class='ocrx_word' id='word_1_244' title='bbox 526 1897 583 1944; x_wconf 91' lang='lat' dir='ltr'>bonis,</span> <span class='ocrx_word' id='word_1_245' title='bbox 596 1908 613 1934; x_wconf 91' lang='lat' dir='ltr'>ct</span> <span class='ocrx_word' id='word_1_246' title='bbox 627 1898 691 1935; x_wconf 90' lang='lat' dir='ltr'>sanctis</span> <span class='ocrx_word' id='word_1_247' title='bbox 701 1898 719 1934; x_wconf 94' lang='lat' dir='ltr'>in</span> <span class='ocrx_word' id='word_1_248' title='bbox 728 1899 756 1935; x_wconf 88' lang='lat' dir='ltr'>via</span> <span class='ocrx_word' id='word_1_249' title='bbox 765 1900 840 1937; x_wconf 89' lang='lat' dir='ltr'>Domini</span> <span class='ocrx_word' id='word_1_250' title='bbox 852 1914 889 1938; x_wconf 89' lang='lat' dir='ltr'>am-</span> 
     </span>
     <span class='ocr_line' id='line_1_28' title="bbox 155 1956 888 2006; baseline 0.004 -12"><span class='ocrx_word' id='word_1_251' title='bbox 155 1957 224 2003; x_wconf 89' lang='lat' dir='ltr'>buletis,</span> <span class='ocrx_word' id='word_1_252' title='bbox 232 1970 310 2006; x_wconf 84' lang='lat' dir='ltr'>quorum</span> <span class='ocrx_word' id='word_1_253' title='bbox 324 1957 441 2000; x_wconf 90' lang='lat' dir='ltr'>institutione,</span> <span class='ocrx_word' id='word_1_254' title='bbox 451 1967 468 1993; x_wconf 91' lang='lat' dir='ltr'>et</span> <span class='ocrx_word' id='word_1_255' title='bbox 478 1956 559 2005; x_wconf 88' lang='lat' dir='ltr'>exemplo</span> <span class='ocrx_word' id='word_1_256' title='bbox 568 1957 648 2006; x_wconf 88' lang='lat' dir='ltr'>quotidie</span> <span class='ocrx_word' id='word_1_257' title='bbox 657 1956 740 1993; x_wconf 89' lang='lat' dir='ltr'>meliores</span> <span class='ocrx_word' id='word_1_258' title='bbox 750 1957 832 1996; x_wconf 86' lang='lat' dir='ltr'>evadatis.</span> <span class='ocrx_word' id='word_1_259' title='bbox 842 1960 888 1997; x_wconf 89' lang='lat' dir='ltr'>Nam</span> 
     </span>
     <span class='ocr_line' id='line_1_29' title="bbox 153 2015 888 2065; baseline 0.004 -12"><span class='ocrx_word' id='word_1_260' title='bbox 153 2020 199 2054; x_wconf 89' lang='lat' dir='ltr'>sicut</span> <span class='ocrx_word' id='word_1_261' title='bbox 212 2017 263 2053; x_wconf 84' lang='lat' dir='ltr'>divus</span> <span class='ocrx_word' id='word_1_262' title='bbox 277 2017 302 2053; x_wconf 90' lang='lat' dir='ltr'>ait</span> <span class='ocrx_word' id='word_1_263' title='bbox 315 2016 382 2052; x_wconf 87' lang='lat' dir='ltr'>Christi</span> <span class='ocrx_word' id='word_1_264' title='bbox 395 2016 500 2064; x_wconf 83' lang='lat' dir='ltr'>Apostolus,</span> <span class='ocrx_word' id='word_1_265' title='bbox 514 2016 606 2053; x_wconf 87' lang='lat' dir='ltr'>Menandri</span> <span class='ocrx_word' id='word_1_266' title='bbox 620 2015 712 2053; x_wconf 86' lang='lat' dir='ltr'>cuiusdam</span> <span class='ocrx_word' id='word_1_267' title='bbox 728 2018 786 2065; x_wconf 87' lang='lat' dir='ltr'>graeci</span> <span class='ocrx_word' id='word_1_268' title='bbox 799 2020 888 2056; x_wconf 88' lang='lat' dir='ltr'>senarium</span> 
     </span>
     <span class='ocr_line' id='line_1_30' title="bbox 153 2072 888 2125; baseline 0.001 -11"><span class='ocrx_word' id='word_1_269' title='bbox 153 2078 240 2122; x_wconf 87' lang='lat' dir='ltr'>imitatus,</span> <span class='ocrx_word' id='word_1_270' title='bbox 255 2084 373 2124; x_wconf 85' lang='lat' dir='ltr'>corrumpunt</span> <span class='ocrx_word' id='word_1_271' title='bbox 387 2074 443 2111; x_wconf 91' lang='lat' dir='ltr'>bonos</span> <span class='ocrx_word' id='word_1_272' title='bbox 457 2089 516 2113; x_wconf 91' lang='lat' dir='ltr'>mores</span> <span class='ocrx_word' id='word_1_273' title='bbox 531 2075 620 2125; x_wconf 83' lang='lat' dir='ltr'>colloquia</span> <span class='ocrx_word' id='word_1_274' title='bbox 634 2072 691 2124; x_wconf 86' lang='lat' dir='ltr'>prava.</span> <span class='ocrx_word' id='word_1_275' title='bbox 705 2076 765 2113; x_wconf 87' lang='lat' dir='ltr'>Bonus</span> <span class='ocrx_word' id='word_1_276' title='bbox 783 2090 821 2114; x_wconf 87' lang='lat' dir='ltr'>esse</span> <span class='ocrx_word' id='word_1_277' title='bbox 839 2091 888 2115; x_wconf 92' lang='lat' dir='ltr'>vera-</span> 
     </span>
     <span class='ocr_line' id='line_1_31' title="bbox 153 2124 887 2182; baseline 0.004 -10"><span class='ocrx_word' id='word_1_278' title='bbox 153 2138 196 2174; x_wconf 90' lang='lat' dir='ltr'>citer</span> <span class='ocrx_word' id='word_1_279' title='bbox 210 2149 245 2173; x_wconf 90' lang='lat' dir='ltr'>nou</span> <span class='ocrx_word' id='word_1_280' title='bbox 259 2124 355 2177; x_wconf 78' lang='lat' dir='ltr'>desiderat,</span> <span class='ocrx_word' id='word_1_281' title='bbox 370 2147 423 2182; x_wconf 92' lang='lat' dir='ltr'>quem</span> <span class='ocrx_word' id='word_1_282' title='bbox 437 2147 533 2182; x_wconf 88' lang='lat' dir='ltr'>pravorum</span> <span class='ocrx_word' id='word_1_283' title='bbox 547 2135 659 2171; x_wconf 85' lang='lat' dir='ltr'>conversatio</span> <span class='ocrx_word' id='word_1_284' title='bbox 673 2133 754 2172; x_wconf 88' lang='lat' dir='ltr'>delectat.</span> <span class='ocrx_word' id='word_1_285' title='bbox 767 2136 826 2174; x_wconf 88' lang='lat' dir='ltr'>Nemo</span> <span class='ocrx_word' id='word_1_286' title='bbox 840 2139 887 2175; x_wconf 91' lang='lat' dir='ltr'>enirn</span> 
     </span>
     <span class='ocr_line' id='line_1_32' title="bbox 152 2193 888 2246; baseline 0.001 -13"><span class='ocrx_word' id='word_1_287' title='bbox 152 2209 204 2246; x_wconf 85' lang='lat' dir='ltr'>prava</span> <span class='ocrx_word' id='word_1_288' title='bbox 217 2195 302 2244; x_wconf 85' lang='lat' dir='ltr'>loquitur,</span> <span class='ocrx_word' id='word_1_289' title='bbox 312 2193 345 2230; x_wconf 90' lang='lat' dir='ltr'>nisi</span> <span class='ocrx_word' id='word_1_290' title='bbox 355 2194 384 2241; x_wconf 91' lang='lat' dir='ltr'>qui</span> <span class='ocrx_word' id='word_1_291' title='bbox 394 2193 442 2241; x_wconf 90' lang='lat' dir='ltr'>prius</span> <span class='ocrx_word' id='word_1_292' title='bbox 452 2194 470 2230; x_wconf 92' lang='lat' dir='ltr'>in</span> <span class='ocrx_word' id='word_1_293' title='bbox 480 2193 532 2230; x_wconf 89' lang='lat' dir='ltr'>corde</span> <span class='ocrx_word' id='word_1_294' title='bbox 546 2207 578 2230; x_wconf 86' lang='lat' dir='ltr'>suo</span> <span class='ocrx_word' id='word_1_295' title='bbox 593 2204 652 2230; x_wconf 86' lang='lat' dir='ltr'>contra</span> <span class='ocrx_word' id='word_1_296' title='bbox 665 2193 761 2241; x_wconf 85' lang='lat' dir='ltr'>puritatem</span> <span class='ocrx_word' id='word_1_297' title='bbox 775 2197 888 2245; x_wconf 80' lang='lat' dir='ltr'>evangelicae</span> 
     </span>
     <span class='ocr_line' id='line_1_33' title="bbox 152 2252 886 2304; baseline 0.001 -11"><span class='ocrx_word' id='word_1_298' title='bbox 152 2256 253 2293; x_wconf 86' lang='lat' dir='ltr'>traditionis</span> <span class='ocrx_word' id='word_1_299' title='bbox 267 2264 370 2301; x_wconf 81' lang='lat' dir='ltr'>corruptuS,</span> <span class='ocrx_word' id='word_1_300' title='bbox 385 2262 402 2289; x_wconf 88' lang='lat' dir='ltr'>et</span> <span class='ocrx_word' id='word_1_301' title='bbox 415 2252 520 2301; x_wconf 82' lang='lat' dir='ltr'>depravatus</span> <span class='ocrx_word' id='word_1_302' title='bbox 533 2253 628 2290; x_wconf 91' lang='lat' dir='ltr'>invenitur.</span> <span class='ocrx_word' id='word_1_303' title='bbox 642 2252 704 2297; x_wconf 81' lang='lat' dir='ltr'>Qualis</span> <span class='ocrx_word' id='word_1_304' title='bbox 718 2255 840 2304; x_wconf 85' lang='lat' dir='ltr'>unusquisque</span> <span class='ocrx_word' id='word_1_305' title='bbox 853 2267 886 2303; x_wconf 87' lang='lat' dir='ltr'>est,</span> 
     </span>
     <span class='ocr_line' id='line_1_34' title="bbox 152 2312 887 2364; baseline 0 -11"><span class='ocrx_word' id='word_1_306' title='bbox 152 2327 169 2353; x_wconf 87' lang='lat' dir='ltr'>et</span> <span class='ocrx_word' id='word_1_307' title='bbox 183 2315 242 2364; x_wconf 82' lang='lat' dir='ltr'>qualia</span> <span class='ocrx_word' id='word_1_308' title='bbox 255 2315 273 2350; x_wconf 94' lang='lat' dir='ltr'>in</span> <span class='ocrx_word' id='word_1_309' title='bbox 286 2323 356 2350; x_wconf 87' lang='lat' dir='ltr'>secreto</span> <span class='ocrx_word' id='word_1_310' title='bbox 370 2312 428 2348; x_wconf 85' lang='lat' dir='ltr'>cordis</span> <span class='ocrx_word' id='word_1_311' title='bbox 442 2313 469 2348; x_wconf 92' lang='lat' dir='ltr'>sui</span> <span class='ocrx_word' id='word_1_312' title='bbox 483 2312 598 2356; x_wconf 83' lang='lat' dir='ltr'>ruminando,</span> <span class='ocrx_word' id='word_1_313' title='bbox 612 2321 629 2349; x_wconf 92' lang='lat' dir='ltr'>et</span> <span class='ocrx_word' id='word_1_314' title='bbox 643 2312 738 2360; x_wconf 84' lang='lat' dir='ltr'>cogitando</span> <span class='ocrx_word' id='word_1_315' title='bbox 754 2315 833 2364; x_wconf 84' lang='lat' dir='ltr'>peragit,</span> <span class='ocrx_word' id='word_1_316' title='bbox 848 2316 887 2353; x_wconf 82' lang='lat' dir='ltr'>talis</span> 
     </span>
     <span class='ocr_line' id='line_1_35' title="bbox 81 2371 887 2420; baseline 0.001 -9"><span class='ocrx_word' id='word_1_317' title='bbox 81 2381 132 2407; x_wconf 70' lang='lat' dir='ltr'>Index</span> <span class='ocrx_word' id='word_1_318' title='bbox 152 2375 172 2412; x_wconf 87' lang='lat' dir='ltr'>ab</span> <span class='ocrx_word' id='word_1_319' title='bbox 187 2375 223 2411; x_wconf 88' lang='lat' dir='ltr'>eius</span> <span class='ocrx_word' id='word_1_320' title='bbox 237 2385 268 2410; x_wconf 92' lang='lat' dir='ltr'>ore</span> <span class='ocrx_word' id='word_1_321' title='bbox 282 2385 341 2409; x_wconf 89' lang='lat' dir='ltr'>sermo</span> <span class='ocrx_word' id='word_1_322' title='bbox 356 2371 464 2419; x_wconf 87' lang='lat' dir='ltr'>frequentius</span> <span class='ocrx_word' id='word_1_323' title='bbox 478 2371 563 2420; x_wconf 85' lang='lat' dir='ltr'>procedit.</span> <span class='ocrx_word' id='word_1_324' title='bbox 574 2371 637 2408; x_wconf 88' lang='lat' dir='ltr'>Cordis</span> <span class='ocrx_word' id='word_1_325' title='bbox 647 2372 694 2408; x_wconf 90' lang='lat' dir='ltr'>enim</span> <span class='ocrx_word' id='word_1_326' title='bbox 704 2373 753 2409; x_wconf 89' lang='lat' dir='ltr'>testis</span> <span class='ocrx_word' id='word_1_327' title='bbox 762 2375 887 2412; x_wconf 85' lang='lat' dir='ltr'>veracissimus</span> 
     </span>
    </p>
   </div>
   <div class='ocr_carea' id='block_1_5' title="bbox 44 2423 887 2483">
    <p class='ocr_par' dir='ltr' id='par_1_5' title="bbox 44 2423 887 2483">
     <span class='ocr_line' id='line_1_36' title="bbox 44 2423 887 2483; baseline -0.008 -4"><span class='ocrx_word' id='word_1_328' title='bbox 44 2423 131 2478; x_wconf 54' lang='lat' dir='ltr'>peperisses.</span> <span class='ocrx_word' id='word_1_329' title='bbox 152 2445 178 2471; x_wconf 90' lang='lat' dir='ltr'>est</span> <span class='ocrx_word' id='word_1_330' title='bbox 191 2446 250 2470; x_wconf 92' lang='lat' dir='ltr'>sermo</span> <span class='ocrx_word' id='word_1_331' title='bbox 263 2432 358 2481; x_wconf 88' lang='lat' dir='ltr'>loquentis,</span> <span class='ocrx_word' id='word_1_332' title='bbox 372 2431 460 2476; x_wconf 80' lang='lat' dir='ltr'>Domino,</span> <span class='ocrx_word' id='word_1_333' title='bbox 474 2444 494 2467; x_wconf 91' lang='lat' dir='ltr'>ac</span> <span class='ocrx_word' id='word_1_334' title='bbox 508 2430 599 2468; x_wconf 85' lang='lat' dir='ltr'>Salvatore</span> <span class='ocrx_word' id='word_1_335' title='bbox 611 2440 673 2468; x_wconf 92' lang='lat' dir='ltr'>nostro</span> <span class='ocrx_word' id='word_1_336' title='bbox 686 2431 704 2467; x_wconf 94' lang='lat' dir='ltr'>in</span> <span class='ocrx_word' id='word_1_337' title='bbox 717 2442 777 2469; x_wconf 87' lang='lat' dir='ltr'>sancto</span> <span class='ocrx_word' id='word_1_338' title='bbox 791 2434 887 2483; x_wconf 83' lang='lat' dir='ltr'>Evangelio</span> 
     </span>
    </p>
   </div>
   <div class='ocr_carea' id='block_1_6' title="bbox 80 2488 887 2782">
    <p class='ocr_par' dir='ltr' id='par_1_6' title="bbox 80 2488 887 2782">
     <span class='ocr_line' id='line_1_37' title="bbox 80 2488 887 2542; baseline 0 -11"><span class='ocrx_word' id='word_1_339' title='bbox 80 2516 110 2542; x_wconf 77' lang='lat' dir='ltr'>Luc.</span> <span class='ocrx_word' id='word_1_340' title='bbox 120 2514 132 2541; x_wconf 82' lang='lat'>6.</span> <span class='ocrx_word' id='word_1_341' title='bbox 152 2494 227 2531; x_wconf 83' lang='lat' dir='ltr'>dicente:</span> <span class='ocrx_word' id='word_1_342' title='bbox 240 2491 331 2536; x_wconf 88' lang='lat' dir='ltr'>Quoniam</span> <span class='ocrx_word' id='word_1_343' title='bbox 346 2503 367 2526; x_wconf 87' lang='lat' dir='ltr'>ex</span> <span class='ocrx_word' id='word_1_344' title='bbox 381 2488 486 2527; x_wconf 86' lang='lat' dir='ltr'>abundantia</span> <span class='ocrx_word' id='word_1_345' title='bbox 501 2490 559 2527; x_wconf 89' lang='lat' dir='ltr'>cordis</span> <span class='ocrx_word' id='word_1_346' title='bbox 573 2504 592 2527; x_wconf 91' lang='lat' dir='ltr'>os</span> <span class='ocrx_word' id='word_1_347' title='bbox 606 2490 691 2539; x_wconf 80' lang='lat' dir='ltr'>loquitur.</span> <span class='ocrx_word' id='word_1_348' title='bbox 701 2490 747 2528; x_wconf 86' lang='lat' dir='ltr'>Natu</span> <span class='ocrx_word' id='word_1_349' title='bbox 760 2491 817 2529; x_wconf 88' lang='lat' dir='ltr'>bonus</span> <span class='ocrx_word' id='word_1_350' title='bbox 831 2493 887 2531; x_wconf 92' lang='lat' dir='ltr'>homo</span> 
     </span>
     <span class='ocr_line' id='line_1_38' title="bbox 153 2549 886 2600; baseline 0.003 -11"><span class='ocrx_word' id='word_1_351' title='bbox 153 2552 174 2589; x_wconf 90' lang='lat' dir='ltr'>de</span> <span class='ocrx_word' id='word_1_352' title='bbox 186 2553 270 2589; x_wconf 89' lang='lat' dir='ltr'>thesauro</span> <span class='ocrx_word' id='word_1_353' title='bbox 285 2551 343 2588; x_wconf 87' lang='lat' dir='ltr'>cordis</span> <span class='ocrx_word' id='word_1_354' title='bbox 357 2550 385 2586; x_wconf 87' lang='lat' dir='ltr'>sui</span> <span class='ocrx_word' id='word_1_355' title='bbox 398 2549 467 2599; x_wconf 87' lang='lat' dir='ltr'>profert</span> <span class='ocrx_word' id='word_1_356' title='bbox 480 2550 534 2597; x_wconf 89' lang='lat' dir='ltr'>bona;</span> <span class='ocrx_word' id='word_1_357' title='bbox 548 2560 565 2587; x_wconf 89' lang='lat' dir='ltr'>et</span> <span class='ocrx_word' id='word_1_358' title='bbox 578 2550 635 2587; x_wconf 86' lang='lat' dir='ltr'>maius</span> <span class='ocrx_word' id='word_1_359' title='bbox 652 2550 719 2600; x_wconf 87' lang='lat' dir='ltr'>profert</span> <span class='ocrx_word' id='word_1_360' title='bbox 736 2552 818 2589; x_wconf 90' lang='lat' dir='ltr'>similiter</span> <span class='ocrx_word' id='word_1_361' title='bbox 835 2554 886 2592; x_wconf 87' lang='lat' dir='ltr'>mala.</span> 
     </span>
     <span class='ocr_line' id='line_1_39' title="bbox 153 2610 886 2660; baseline 0.001 -11"><span class='ocrx_word' id='word_1_362' title='bbox 153 2613 198 2649; x_wconf 92' lang='lat' dir='ltr'>Cum</span> <span class='ocrx_word' id='word_1_363' title='bbox 214 2624 256 2660; x_wconf 76' lang='lat' dir='ltr'>ergo</span> <span class='ocrx_word' id='word_1_364' title='bbox 270 2611 327 2649; x_wconf 91' lang='lat' dir='ltr'>bonus</span> <span class='ocrx_word' id='word_1_365' title='bbox 341 2623 377 2647; x_wconf 91' lang='lat' dir='ltr'>non</span> <span class='ocrx_word' id='word_1_366' title='bbox 391 2611 419 2654; x_wconf 85' lang='lat' dir='ltr'>sit,</span> <span class='ocrx_word' id='word_1_367' title='bbox 430 2611 459 2659; x_wconf 85' lang='lat' dir='ltr'>qui</span> <span class='ocrx_word' id='word_1_368' title='bbox 469 2610 515 2646; x_wconf 89' lang='lat' dir='ltr'>male</span> <span class='ocrx_word' id='word_1_369' title='bbox 528 2610 612 2659; x_wconf 84' lang='lat' dir='ltr'>loquitur,</span> <span class='ocrx_word' id='word_1_370' title='bbox 623 2610 694 2647; x_wconf 89' lang='lat' dir='ltr'>cavendi</span> <span class='ocrx_word' id='word_1_371' title='bbox 707 2610 758 2648; x_wconf 91' lang='lat' dir='ltr'>nobis</span> <span class='ocrx_word' id='word_1_372' title='bbox 767 2617 808 2648; x_wconf 88' lang='lat' dir='ltr'>sunt</span> <span class='ocrx_word' id='word_1_373' title='bbox 818 2626 886 2658; x_wconf 87' lang='lat' dir='ltr'>omnes,</span> 
     </span>
     <span class='ocr_line' id='line_1_40' title="bbox 153 2669 887 2723; baseline 0.003 -14"><span class='ocrx_word' id='word_1_374' title='bbox 153 2673 183 2721; x_wconf 89' lang='lat' dir='ltr'>qui</span> <span class='ocrx_word' id='word_1_375' title='bbox 197 2672 264 2720; x_wconf 89' lang='lat' dir='ltr'>pravis,</span> <span class='ocrx_word' id='word_1_376' title='bbox 278 2669 381 2708; x_wconf 90' lang='lat' dir='ltr'>scurrilibus</span> <span class='ocrx_word' id='word_1_377' title='bbox 395 2679 412 2707; x_wconf 94' lang='lat' dir='ltr'>et</span> <span class='ocrx_word' id='word_1_378' title='bbox 429 2671 534 2718; x_wconf 87' lang='lat' dir='ltr'>perniciosis</span> <span class='ocrx_word' id='word_1_379' title='bbox 551 2681 625 2707; x_wconf 88' lang='lat' dir='ltr'>utuntur</span> <span class='ocrx_word' id='word_1_380' title='bbox 642 2671 762 2717; x_wconf 80' lang='lat' dir='ltr'>sermonibus,</span> <span class='ocrx_word' id='word_1_381' title='bbox 775 2676 793 2710; x_wconf 90' lang='lat' dir='ltr'>in</span> <span class='ocrx_word' id='word_1_382' title='bbox 810 2687 887 2723; x_wconf 87' lang='lat' dir='ltr'>quorum</span> 
     </span>
     <span class='ocr_line' id='line_1_41' title="bbox 152 2730 887 2782; baseline 0.004 -14"><span class='ocrx_word' id='word_1_383' title='bbox 152 2731 243 2769; x_wconf 88' lang='lat' dir='ltr'>locutione</span> <span class='ocrx_word' id='word_1_384' title='bbox 252 2732 332 2781; x_wconf 88' lang='lat' dir='ltr'>turpiora</span> <span class='ocrx_word' id='word_1_385' title='bbox 341 2730 428 2780; x_wconf 86' lang='lat' dir='ltr'>quaedam</span> <span class='ocrx_word' id='word_1_386' title='bbox 437 2730 539 2780; x_wconf 88' lang='lat' dir='ltr'>frequenter</span> <span class='ocrx_word' id='word_1_387' title='bbox 548 2741 636 2778; x_wconf 74' lang='lat' dir='ltr'>resonant,</span> <span class='ocrx_word' id='word_1_388' title='bbox 646 2732 742 2768; x_wconf 86' lang='lat' dir='ltr'>sanctitatis</span> <span class='ocrx_word' id='word_1_389' title='bbox 756 2741 816 2770; x_wconf 88' lang='lat' dir='ltr'>autem</span> <span class='ocrx_word' id='word_1_390' title='bbox 826 2733 887 2782; x_wconf 84' lang='lat' dir='ltr'>verba,</span> 
     </span>
    </p>
   </div>
   <div class='ocr_carea' id='block_1_7' title="bbox 0 0 988 3023">
    <p class='ocr_par' dir='ltr' id='par_1_7' title="bbox 0 0 988 3023">
     <span class='ocr_line' id='line_1_42' title="bbox 0 0 988 3023; baseline 0 2"><span class='ocrx_word' id='word_1_391' title='bbox 0 0 988 3023; x_wconf 95' lang='lat' dir='ltr'> </span> 
     </span>
    </p>
   </div>
  </div>
 </body>
</html>
