1968 3023
158 127 181 171 96
364 126 391 164 Dr
403 139 443 164 vera
453 127 554 176 poenitentia
567 127 688 166 tttottotbarruu.

157 206 270 255 magistrum,
280 207 330 244 cuins
343 221 409 246 nomen
424 209 526 247 invocatum
540 219 566 248 est
579 223 631 260 super
644 224 684 258 nos,
696 221 717 256 et,
732 225 785 262 quam
799 213 854 262 longe
867 222 896 251 te*

158 267 263 304 cesserimus
277 282 286 305 a
299 269 369 306 semitis
382 270 504 320 benignissimi
518 274 636 321 praeceptoris
649 274 713 320 nostri,
723 274 816 312 manifeste
829 275 895 313 intelli-

157 340 227 375 gemus.
241 327 276 386 Sed
289 339 398 367 revertamur
412 331 433 368 ad
447 344 488 368 eum
501 332 519 368 in
533 342 570 369 toto
585 332 642 377 corde,
653 345 723 381 precor,
734 344 752 371 et
761 347 841 384 agamus,
851 335 895 373 Poe-

157 388 262 435 nitentiam,
277 390 317 438 quia
335 390 398 438 procul
415 403 424 427 a
441 392 470 428 via
487 391 548 428 salutis
562 392 678 438 recessimus,
694 394 742 430 carni
757 394 828 442 potius,
842 406 895 444 quam

158 449 229 497 spiritui
242 449 346 486 servientes.
359 450 418 487 Nemo
432 452 546 498 semetIpsum
560 452 598 499 spei
611 451 687 489 vanitate
701 451 783 501 decipiat,
796 452 856 489 nullus
870 451 896 489 ul-

158 509 222 545 timam
235 508 289 545 huius
302 508 349 545 vitae
361 507 430 553 horam,
445 508 515 558 quando
524 510 558 546 iam
570 521 646 559 nequeat
655 524 735 559 peccate,
745 525 777 560 pro
787 512 896 560 poenitentia

159 576 247 617 expectet,
261 568 302 617 quia
315 580 347 605 nec
360 568 406 604 vitae
420 569 507 617 quantitas
522 568 574 606 babet
588 570 719 617 certitudinem,
732 584 765 608 nec
778 571 840 609 dilatio
854 584 896 619 poe-

159 628 227 665 nitendi
241 629 361 665 securitatem.
375 629 412 672 Qui
429 642 482 665 sanus
499 642 535 667 non
551 630 641 678 poenitet,
655 631 772 675 stultusest:
787 641 804 669 et
817 631 847 681 qui
860 643 896 668 non

159 686 242 724 emendat
252 687 301 733 uitia,
311 699 351 723 cnm
365 697 432 735 potest,
443 688 490 725 iusto
500 689 534 725 Dei
542 689 608 727 iudicio
618 689 690 727 dilatam
705 690 771 728 amittit
784 700 896 739 potestatem.

159 746 212 783 Tunc
226 747 273 784 enim
287 745 379 783 fructuosa
393 757 419 784 est
433 748 550 796 poenitentia,
565 761 606 786 cum
623 749 690 787 arbitrii
704 749 785 787 libertate
798 749 852 794 luerit
865 762 896 786 vo·

159 808 243 845 luntaria:
257 806 287 844 sed
301 807 364 844 mortis
377 807 413 843 iam
423 807 498 844 instante
508 808 587 856 periculo
596 808 667 846 videtur
676 811 735 858 potins
746 823 783 855 esse
792 801 896 855 necessaria,

159 881 211 917 quant
226 868 298 916 propria
311 867 420 915 poenitentis
434 867 520 905 electione
535 879 629 916 assumpta.
641 870 700 907 Nemo
710 869 756 907 dicat
765 871 784 907 in
793 868 847 907 corde
856 881 896 914 suo,

111 959 112 962 ,
159 928 222 965 fratres
237 927 283 973 mei,
298 939 353 963 nemo
366 928 433 976 cogitet
446 926 510 964 durum
524 940 562 964 esse
576 928 680 976 poenitendi
693 928 783 975 laborem,
798 938 815 966 et
829 928 897 965 idcirco

159 987 246 1035 usquein
260 985 343 1022 ultimam
357 986 409 1023 huius
423 987 469 1023 vitae
482 987 585 1035 particulam
599 987 724 1026 differendum.
738 988 797 1026 Nimis
811 997 837 1025 est
851 987 897 1036 peri-

160 1045 221 1083 culosa
235 1045 269 1082 ista
282 1045 374 1094 cogitatio,
384 1046 468 1093 quoniam
482 1046 529 1083 vitae
540 1056 607 1083 certum
620 1048 724 1094 terminum,
733 1060 787 1096 quern
800 1046 897 1094 unicuique
934 1092 935 1095 Ἴ

160 1104 220 1141 divina
233 1103 346 1153 providentia
359 1105 424 1147 statuit,
434 1104 486 1141 sicuti
499 1104 553 1142 latere
566 1118 628 1143 omnes
641 1106 704 1151 voluit,
713 1107 737 1143 ita
746 1105 791 1143 nulli
803 1104 897 1153 poeniten-

160 1164 203 1201 tiam
217 1163 306 1201 differenti
320 1175 341 1199 ex
354 1164 454 1200 intentione
467 1163 585 1213 prolongabit.
599 1165 617 1202 Si
630 1165 714 1203 volumus
732 1177 771 1202 esse
788 1163 897 1202 conscientia
945 1179 947 1182 >

160 1224 202 1269 tuti,
217 1233 269 1271 atque
283 1223 346 1268 securi,
355 1235 428 1271 agamus
438 1224 571 1272 poenitentiam,
581 1223 623 1261 dum
637 1225 674 1261 sani
688 1237 757 1269 sumus,
768 1223 810 1260 dum
824 1234 897 1272 peccare

161 1274 262 1332 possumus,
273 1282 315 1319 dum
325 1280 382 1318 adhuc
391 1281 438 1318 nulla
451 1283 514 1319 mortis
527 1278 631 1320 necessitate
644 1284 727 1320 instantis
740 1295 832 1331 urgemur.
841 1279 897 1319 Valde

160 1355 231 1392 nanque
245 1340 297 1378 dubia
309 1353 337 1378 res
347 1351 373 1378 est
383 1342 510 1390 poenitentiam
524 1355 583 1390 agere,
594 1343 679 1379 cuntium
690 1343 785 1384 necessitas
799 1340 897 1390 compellit,

161 1412 178 1438 et
191 1402 255 1438 mortis
268 1410 286 1438 te
299 1401 382 1437 instantia
391 1400 432 1437 facit
442 1413 478 1438 non
487 1400 563 1449 amplius
576 1414 629 1449 posse
643 1414 720 1450 peccare,
730 1400 801 1450 quando
814 1399 898 1437 videlicet

160 1475 197 1499 non
210 1471 230 1497 tu
244 1470 320 1509 pecc-ata,
334 1459 365 1496 secl
378 1459 407 1496 illa
421 1460 538 1506 impotentem
552 1469 569 1497 te
583 1460 610 1496 sui
624 1459 735 1497 dimiserunt.
749 1460 832 1509 Oquam
846 1457 897 1495 multi

159 1534 191 1569 spe
203 1521 251 1557 uitae
264 1520 351 1569 longioris
365 1520 435 1569 decepti
448 1519 469 1556 ad
478 1517 584 1557 'barathrum
599 1519 717 1557 damnationis
731 1530 812 1557 aeternae
826 1518 897 1555 descen·

160 1580 210 1627 dunt,
226 1580 256 1630 qui
269 1579 397 1629 poenitentiam
412 1592 463 1628 agere
476 1580 514 1616 sani
528 1588 680 1627 contempserunt.
690 1579 763 1624 Quanto
773 1580 821 1616 enim
831 1578 897 1616 diutius

159 1640 290 1689 poenitentiam
304 1639 399 1685 distuleris,
411 1648 460 1676 tanto
473 1651 545 1687 semper
553 1638 575 1675 acl
583 1638 712 1687 poenitentiam
725 1639 785 1675 tatinus
799 1637 896 1686 dispositus

160 1700 262 1737 invenieris.
279 1699 337 1736 Sumit
354 1711 424 1747 tranque
441 1697 509 1735 malitia
526 1711 565 1734 cunt
583 1707 664 1746 tempore
681 1698 738 1743 vires,
753 1708 770 1734 et
783 1696 853 1734 nullum
870 1706 898 1733 est

160 1768 253 1808 peccatum
265 1767 301 1795 tam
315 1770 396 1806 parvum,
405 1757 452 1807 quod
462 1770 499 1794 nort
508 1766 574 1794 crescat
584 1758 691 1807 neglectum.
700 1757 832 1794 Poenitentiam
843 1756 898 1805 igitur

159 1819 274 1868 amplectere,
288 1817 331 1854 dum
344 1830 397 1854 sanus
411 1830 437 1862 es,
452 1830 485 1853 nec
497 1816 566 1853 differas
580 1816 602 1854 de
616 1818 643 1855 die
656 1818 674 1853 in
688 1817 742 1863 diem,
756 1816 841 1865 quoniam
855 1815 898 1865 quid
937 1845 939 1848 .

160 1878 214 1916 ltodie
228 1878 292 1927 possis,
302 1876 398 1925 intelligis:
409 1876 454 1928 Ι(μήά
468 1886 527 1912 autem
541 1874 620 1912 futurum
630 1877 651 1912 sit
661 1875 744 1922 crastino,
755 1876 832 1923 ignoras.
841 1874 899 1912 Affert

162 1939 210 1975 enim
224 1950 256 1974 sua
269 1949 349 1986 quaeque
362 1948 409 1972 nova
422 1935 537 1972 incommoda
551 1936 592 1979 dies,
602 1945 619 1971 et
629 1935 659 1984 qui
667 1934 721 1971 hodie
734 1934 756 1971 acl
769 1934 898 1983 poenitentiam

54 2013 103 2042 scetes.
112 2021 124 2048 7.
161 2011 198 2035 non
212 2007 238 2034 est
252 1996 355 2045 dispositus,
370 2008 407 2032 cras
421 1994 495 2032 forsitan
511 1996 569 2031 minus
582 2005 633 2043 aptus
646 1995 684 2031 erit.
698 1994 757 2032 Nemo
774 2004 833 2030 autem
852 1992 899 2030 dicat

66 2062 115 2105 ,Nemo
127 2072 141 2089 se
161 2067 250 2100 vestrum,
265 2055 308 2105 quid
321 2056 401 2103 peccavi,
415 2064 434 2091 ut
447 2054 491 2091 milri
508 2055 606 2091 necessaria
624 2053 705 2090 videatur
722 2053 844 2101 poenitentia,
859 2065 899 2089 cum

54 2099 97 2168 igal
110 2106 142 2167 {iiii
161 2118 198 2154 vita
211 2129 251 2153 mea
265 2125 302 2152 tota
316 2114 359 2151 niltil
371 2116 393 2151 sit
407 2114 459 2158 aliud,
469 2126 522 2162 quam
532 2114 574 2150 dura
583 2113 675 2163 quaedam,
686 2121 703 2149 et
712 2112 781 2161 prolixa
795 2110 899 2161 poenitendi

54 2168 111 2196 ”5¹²le
161 2175 269 2214 necessitas?
282 2173 374 2217 Audistis,
388 2174 476 2222 scriptura
488 2181 574 2219 testante,
588 2172 672 2221 quoniam
687 2184 723 2208 non
737 2179 764 2207 est
777 2170 833 2207 homo
846 2182 899 2218 super

161 2247 237 2283 tetram,
251 2235 282 2285 qui
295 2233 403 2280 benefaciat,
416 2243 433 2270 et
446 2245 482 2270 non
496 2242 567 2280 peccet,
581 2245 620 2269 cum
638 2244 692 2268 nemo
708 2232 731 2267 sit
747 2230 826 2267 mundus
840 2242 900 2267 coram

161 2297 207 2334 Deo.
221 2295 276 2341 Nam,
291 2304 308 2331 et
321 2295 335 2330 si
349 2306 385 2330 non
399 2293 516 2330 committatis
529 2291 602 2341 grandia
615 2290 703 2327 ltntnanae
716 2290 814 2338 impietatis
827 2288 899 2333 scelera,

162 2367 181 2393 ut
195 2365 236 2393 sunt
249 2354 375 2399 homicidium,
388 2352 462 2399 furtum,
477 2351 590 2396 adulterium,
605 2350 740 2394 fornicationes,
755 2358 773 2385 et
786 2348 813 2385 his
826 2347 898 2393 similia,

162 2416 202 2465 quia
214 2415 301 2451 tamenin
311 2426 330 2450 ea
340 2413 382 2449 estis
391 2411 484 2449 vocatione
495 2410 594 2455 constituti,
606 2410 623 2445 in
633 2421 666 2457 qua
676 2406 742 2444 viribus
752 2407 794 2444 totis
804 2406 825 2444 ad
834 2415 900 2443 statum

162 2474 277 2524 perfectionis
291 2486 364 2510 omnem
378 2471 445 2508 debetis
459 2470 528 2507 elevare
542 2479 630 2511 conatum,
645 2476 722 2516 peccata,
736 2479 780 2516 qnae
794 2464 900 2503 ttrortalibus

163 2534 261 2572 inmundo
275 2531 376 2570 viventibus
390 2543 443 2579 parva
456 2540 504 2575 sunt,
519 2527 569 2566 uobis
583 2536 630 2564 certe
643 2527 725 2575 grauiora
738 2527 855 2575 imputantur.
869 2524 901 2560 Ca-

163 2594 220 2630 venda
234 2602 275 2628 sunt
288 2591 336 2628 enlm
350 2588 478 2634 claustralibus,
488 2598 573 2637 qnantum
585 2586 623 2623 fieti
632 2594 698 2634 potest,
709 2584 769 2622 otrrnia
777 2592 855 2632 peccata,
864 2595 900 2618 non

165 2652 230 2696 solnm,
241 2664 285 2701 quae
300 2650 376 2687 salntem
387 2648 492 2699 impediunt,
502 2646 532 2684 sed
546 2647 605 2691 etiam,
615 2658 659 2695 quae
671 2642 802 2681 commaculant
816 2641 900 2679 indictam
