1968 3023
316 139 367 176 Liber
380 137 465 176 Peraithea
477 138 545 174 loarua's
562 136 641 174 Trituaii.
810 149 846 186 249

113 218 264 264 ecclesiasticam,
278 218 378 256 mortaliter
391 229 461 267 peccat,
475 218 506 267 qui
519 217 604 264 domum,
618 217 646 255 vel
659 230 721 267 agrum
734 217 807 255 alterius
821 219 846 255 in-

112 279 160 315 iuste
172 277 194 315 ad
207 291 260 315 usum
276 291 328 315 suum
340 278 432 322 vendicat,
446 287 513 327 quanto
527 277 601 315 crimine
614 290 654 315 reus
668 289 704 320 est,
718 278 747 327 qui
761 277 846 321 danaum,

112 348 130 374 et
143 339 265 387 possessiones
275 338 314 385 Dei,
323 348 340 375 et
349 347 453 375 sanctorum
463 337 481 373 in
490 337 593 375 mansiones
606 337 724 374 saecularium
738 338 847 375 commutat?

112 396 135 433 Et
147 397 162 433 si
175 396 197 434 ad
210 397 341 435 restitutionem
355 396 431 434 indebite
445 395 546 433 ablatorum
559 395 616 434 homo
629 396 699 434 homini
712 397 846 446 constringitur,

112 467 179 507 quanto
192 458 249 507 magis
262 458 308 502 Deo,
323 467 340 494 et
353 467 414 494 sancto
428 455 525 494 Benedicto
542 455 629 493 coenobia
642 455 748 493 aufferentes
761 455 782 492 ad
795 456 846 493 resti-

111 518 201 554 tutionem
211 517 304 554 tenentur?
313 516 331 553 Si
340 525 434 566 peccatum
443 528 481 554 non
494 516 598 563 remittitur,
607 516 642 553 nisi
650 514 727 553 ablatum
736 516 846 560 restituatur,

62 605 63 608 η
111 576 183 625 quando
193 590 202 613 a
211 585 261 613 reatu
274 575 341 613 absolvi
353 586 444 625 poterunt,
455 576 485 625 qui
499 574 617 613 habitationes
626 588 720 613 servorum
728 576 763 612 Dei
776 576 794 612 in
803 588 846 612 usus

112 644 220 673 convertunt
232 636 311 673 alienos?
325 634 414 673 Caenobia
428 636 475 672 enim
489 634 546 673 semel
557 634 614 673 ablata
627 648 718 684 nunquam
731 634 752 671 ad
762 635 846 683 ordinem

111 695 228 733 reducentur:
241 695 279 732 Vae
288 694 328 739 illis,
338 697 368 745 qui
381 694 417 732 hoc
426 694 459 732 sibi
472 702 600 732 testamentum
610 694 685 732 condere
694 695 845 740 nontimuerunt;

110 754 159 804 quod
168 753 217 791 nulla
225 767 303 804 uuquam
314 754 436 792 satisfactione
445 755 524 802 poterint
533 767 623 792 revocare.
637 755 654 792 O
665 754 759 799 Monache,
769 768 780 791 o
789 753 846 801 Abba,

110 814 142 864 qui
155 824 217 851 votum
230 822 311 851 vestrum
323 814 363 852 Deo
381 813 486 852 solemniter
505 812 572 851 factum
592 815 689 852 revocatis:
709 811 745 859 Qui
764 813 845 851 habitum

109 882 181 910 sanctae
198 873 291 922 religionis
308 872 392 911 abiicitis:
410 874 441 923 qui
454 872 541 911 coenobia
556 884 617 911 sancto
631 873 726 911 Benedicta
742 883 845 911 consecrata

110 932 128 969 in
141 946 205 970 manus
225 933 330 970 clericorum
349 933 457 971 transfertis:
474 925 528 977 'Quid
547 934 624 970 accusati
644 946 704 970 coram
723 934 845 982 omnipotenti

109 991 152 1029 Deo
162 992 302 1042 respondebitis?
314 993 396 1031 Forsitan
409 993 478 1030 dicetis:
493 993 563 1030 Votum
576 993 594 1031 iu
608 993 671 1030 melius
685 994 845 1030 commutavimus?

110 1052 144 1089 Cui
157 1052 193 1089 hoc
205 1051 345 1101 persuadebitis?
362 1053 415 1091 Certe
427 1066 461 1090 nec
474 1053 525 1098 Deo,
539 1065 572 1089 nec
589 1051 691 1090 hominibus
708 1053 765 1099 sanis,
779 1053 845 1102 quippe

110 1112 141 1161 qui
160 1105 198 1149 voti
217 1111 334 1150 differentiam
353 1126 390 1151 non
408 1113 500 1161 ignorant:
521 1112 633 1150 Canonicum
650 1113 719 1157 vivere,
733 1111 812 1158 bonum,
827 1122 845 1148 et

111 1181 193 1208 sanctum
206 1180 242 1218 est,
255 1172 270 1208 si
287 1171 363 1209 adeum
380 1181 447 1209 statum
460 1185 470 1208 a
483 1171 523 1208 Deo
540 1170 594 1208 fuerit
607 1180 691 1209 vocatus:
705 1172 732 1208 sin
749 1180 808 1208 autem
823 1171 844 1208 ad

110 1231 221 1268 monasticae
237 1231 354 1280 professionis
371 1221 448 1280 gradum
460 1241 534 1268 vocatus
548 1230 601 1268 fuerit
616 1244 707 1280 nunquam
721 1231 737 1267 ei
749 1230 809 1268 licebit
822 1230 844 1267 ad

109 1290 235 1327 canonicatum
249 1289 362 1328 descendere:
375 1291 435 1329 Nemo
449 1290 497 1327 enim
511 1288 579 1327 dubitet
592 1290 684 1327 monachis
696 1289 789 1327 inferiores
803 1302 842 1326 esse

108 1349 214 1386 canonicos:
227 1349 261 1385 Dic
274 1349 323 1396 mihi,
333 1350 413 1400 quisquis
423 1363 448 1396 es,
459 1349 489 1399 qui
498 1349 629 1387 monachorum
641 1350 722 1398 pravitati
736 1358 842 1398 cooperator

108 1408 176 1455 existis,
185 1408 215 1456 qui
229 1421 259 1445 eos
273 1406 293 1445 ab
307 1409 369 1446 ordine
382 1408 474 1455 transfers,
487 1409 519 1458 qui
532 1419 593 1446 contra
606 1409 673 1455 Deum,
686 1419 704 1446 et
717 1405 799 1446 sanctum
812 1409 843 1445 Be-

107 1466 199 1503 nedictum
213 1479 273 1503 causas
287 1466 373 1513 defendis;
387 1469 417 1518 qui
427 1468 526 1517 apostasiae
540 1480 603 1504 eorum
612 1467 677 1514 fautor,
687 1456 704 1505 et
716 1476 802 1517 patronus
811 1467 843 1504 ha-

108 1525 161 1563 beris.
175 1526 209 1562 Dic
219 1538 270 1575 ergo:
284 1526 333 1571 Quid
346 1526 377 1565 tibi
385 1527 467 1565 videtur?
480 1527 522 1564 licet
531 1527 624 1564 monachis
635 1528 729 1565 canonicos
742 1526 842 1564 saeculares

890 1297 953 1323 Canonicl

864 1327 952 1358 auoudchis

864 1368 936 1393 inferiores.

108 1586 160 1623 fieri?
173 1587 187 1622 si
200 1587 271 1623 licitum
284 1595 317 1632 est,
331 1600 362 1624 cur
375 1587 528 1635 dispensationem
544 1587 621 1625 Romani
633 1587 732 1634 Pontificis,
745 1587 799 1634 tantis
813 1599 842 1623 ex·
876 1615 878 1627 ,

107 1646 175 1694 pensis,
185 1643 281 1691 laboribus,
291 1632 435 1695 iniportunisque
445 1644 528 1694 precibus
536 1646 633 1696 impetras?
646 1646 701 1683 Licita
711 1646 758 1683 enim
766 1644 842 1694 'dispeu-

107 1705 176 1743 satione
188 1718 225 1743 uon
238 1705 327 1754 indigent:
341 1707 372 1744 Sin
381 1716 442 1744 autem
455 1705 540 1743 illicitum
549 1714 584 1743 est:
598 1706 645 1750 Quis
654 1706 723 1744 licitum
733 1705 797 1743 faciet?
810 1707 841 1742 Di-

106 1765 210 1814 spensatio?
223 1764 344 1804 Vehementer
353 1765 422 1813 dubito,
437 1766 503 1802 Vtrum
512 1766 560 1813 Papa
568 1766 587 1801 in
595 1765 628 1803 hac
638 1778 656 1802 re
666 1765 768 1815 dispensare
777 1765 841 1819 possit,

107 1823 135 1860 vel
148 1836 185 1861 non
198 1824 264 1872 possit,
278 1837 315 1861 non
328 1835 354 1862 est
367 1838 428 1862 meum
442 1824 542 1872 discutere,
557 1838 610 1873 quem
624 1835 693 1863 constat
710 1824 839 1875 plenitudinem
855 1845 857 1848 ·

105 1884 199 1932 potestatis
216 1883 285 1922 habere.
302 1883 353 1922 Absit
370 1898 413 1934 ergo
427 1899 437 1922 a
450 1898 489 1931 me,
504 1894 524 1921 ut
537 1885 641 1922 a'uthoritati
656 1886 723 1922 summi
735 1883 839 1930 Pontificis,

105 1942 133 1979 vel
146 1943 164 1979 in
178 1943 254 1980 minimo
272 1944 368 1992 derogem?
382 1945 464 1981 Vicarius
482 1944 530 1980 enim
544 1943 611 1981 Christi
624 1954 657 1988 est,
670 1957 703 1981 nec
716 1944 757 1981 licet
769 1943 840 1980 homini

105 2001 172 2051 aliquid
188 2001 210 2039 de
227 2002 258 2039 illo
275 2003 358 2041 iudicare,
377 2004 424 2052 Ergo
442 2012 497 2040 netu
510 2015 583 2040 securus
597 2017 623 2048 es,
637 2003 652 2040 si
670 2003 723 2040 faciat
739 2002 777 2048 ille,
791 2001 839 2051 quod

105 2073 158 2108 posse
172 2060 253 2098 videtur?
266 2060 323 2098 Crede
336 2062 391 2109 mihi,
404 2075 441 2100 uon
455 2075 473 2099 es
486 2075 567 2108 securus,
581 2062 621 2112 quia
635 2075 705 2099 causam
718 2060 839 2098 translationis

105 2129 145 2155 tuae
159 2119 221 2156 falsam
237 2121 321 2157 narrasti:
334 2122 427 2159 Vicarium
441 2122 509 2158 Christi
522 2120 644 2159 fraudulenter
656 2121 746 2171 decipisti:
761 2121 809 2165 Quia
822 2129 839 2156 et

94 2179 183 2216 ‘narratio
197 2179 281 2226 naendax,
295 2190 312 2216 et
329 2181 435 2230 supplicatio
451 2181 481 2230 (ne
497 2180 555 2217 dicam
572 2181 661 2229 extorsio)
673 2179 707 2216 fuit
723 2180 838 2228 importunam

104 2238 187 2287 Denique
200 2237 247 2275 bulla
260 2239 380 2277 translationis
393 2251 434 2277 tuae
447 2238 549 2289 diligenter,
564 2249 581 2275 et
594 2249 645 2276 caute
658 2239 758 2287 conscripta
771 2247 788 2274 te
801 2250 838 2274 non

103 2297 180 2334 absolvit
189 2296 210 2334 ab
219 2297 287 2348 ordine,
300 2312 334 2336 nec
346 2310 408 2337 votum
421 2298 485 2342 aufert,
498 2311 532 2335 nec
544 2298 650 2346 religionem
665 2298 716 2342 tollit,
730 2310 763 2334 nec
776 2309 839 2333 naoaaa-

103 2357 169 2393 sticum
182 2357 356 2406 schemadeponere
370 2359 464 2396 consentit.
478 2358 539 2404 Putas,
550 2358 598 2407 quod
612 2371 693 2394 summus
706 2356 789 2394 Pontifex
802 2356 838 2392 tuis

103 2416 181 2464 peccatis
194 2429 245 2453 suam
254 2418 380 2455 conscientiam
389 2418 433 2454 velit
446 2417 544 2454 inviolare?
557 2416 621 2465 Legito
631 2415 696 2453 bullam
706 2424 782 2458 attente;
797 2427 838 2451 cou-

103 2474 161 2512 sidera
169 2475 233 2522 verba;
247 2476 366 2515 lnteutionem
379 2477 498 2526 dispensantis
507 2484 556 2522 nota,
566 2485 588 2518 et,
598 2474 709 2525 quodetiam
718 2484 758 2524 post
767 2473 838 2524 dispen-

102 2536 191 2572 sationem
211 2535 309 2573 monachus
326 2538 350 2574 sis
364 2550 425 2574 coram
438 2537 486 2580 Deo,
501 2545 519 2572 et
532 2533 614 2581 ecclesia,
629 2535 714 2581 invenies.
731 2535 769 2583 Ego
788 2534 837 2571 enim

102 2594 155 2630 huius
169 2593 289 2631 traaaslationis
302 2594 368 2633 bullam
382 2605 398 2632 er
411 2594 459 2641 vidi,
473 2603 490 2631 et
503 2593 550 2643 legi,
565 2594 582 2630 in
598 2607 633 2643 qua
645 2594 692 2642 Papa
706 2594 805 2639 consentit,
818 2606 838 2630 ut

102 2652 218 2701 praebendas,
233 2662 250 2690 et
262 2653 348 2692 beneficia
361 2655 443 2693 taaoaaachi
457 2653 540 2701 habeant,
554 2663 571 2689 et
584 2653 700 2691 nihilominus
713 2653 805 2702 praecipit,
818 2664 838 2691 ut

887 1895 950 1921 Auctor

861 1929 919 1963 loquitur
933 1930 949 1955 de

861 1964 950 1997 plenitudi-

861 2007 877 2024 ue
892 2005 949 2032 potesta-

860 2034 882 2059 tis
896 2034 949 2067 Papae

861 2076 890 2093 tum
903 2077 950 2102 uaagua

860 2103 925 2128 cautela
936 2110 950 2128 et

860 2138 937 2163 reverentia.

890 2172 948 2198 Vicarius

861 2206 910 2232 Christi
923 2208 949 2233 lto·

860 2242 950 2267 iaaanusPont.

860 2285 886 2302 non
899 2283 919 2302 est
932 2277 948 2302 ab

859 2311 914 2336 homine
928 2311 948 2336 iu·

859 2346 926 2372 dicandus
