1968 3023
290 146 440 185 atterminatis
453 146 520 184 Inaauis
538 146 617 184 Tritonia
788 159 798 185 2
801 158 823 196 57

88 228 140 274 fecit,
154 228 190 264 iarn
207 225 281 264 avobis
299 227 434 276 eleemosynam
451 228 496 276 petit
513 238 530 264 et
543 227 597 276 (proh
615 226 680 277 pudor)
693 240 731 264 non
748 228 823 277 accipit:

88 288 133 325 Ecce
146 300 200 336 quam
214 286 267 324 multi
279 288 392 336 reperiuntur
410 285 483 324 euobis
496 287 553 336 (quod
566 287 617 324 venia
635 287 719 337 dixerim)
734 288 764 337 qui
782 286 823 324 sub-

88 349 170 385 stantiam
182 346 251 384 levibus
260 348 362 395 partiuntur
371 348 456 395 personis,
466 346 532 391 avibus,
541 346 648 396 canibusque
658 348 740 384 convivia
749 357 821 396 parant3

88 416 177 458 parentes,
188 417 205 443 et
219 416 305 455 cognatos
319 419 361 443 suos
371 405 392 442 de
401 405 452 443 bonis
461 406 566 444 Monasterii
580 406 642 451 ditant,
653 403 721 456 reliqna
734 407 752 443 in
766 406 822 449 uanis,

88 466 237 516 voluptuosisque
256 465 435 503 commessationibus
452 465 555 514 dilapidant.
572 467 625 503 Pauci
642 476 694 511 sunt,
709 467 740 515 qui
754 465 824 503 desola-

89 529 157 564 tionem
171 527 238 564 ordinis
252 528 309 564 nostri
322 526 405 574 doleant,
419 527 512 575 pauciores
526 527 547 564 de
560 526 640 563 remedio
654 527 743 575 cogitant:
757 525 825 574 paucis·

89 587 130 624 simi
143 587 208 624 auxilia
221 586 366 625 subministrant:
381 587 450 624 Siccine
463 579 511 624 sacer
521 587 566 625 ordo
576 587 665 624 Benedicti
675 585 766 636 quondam
777 585 824 622 inter

89 659 152 685 omnes
169 645 329 683 excellentissimus
347 646 367 682 ab
385 646 465 684 hostium
482 647 584 683 incursione
605 645 717 683 defenditur?
735 644 822 693 Evigilate

89 707 159 749 Patren,
173 704 245 755 quando
258 705 351 754 vigilantia
367 706 449 754 prodest,
462 719 484 743 ne
497 719 538 743 sero
552 718 584 743 vos
597 705 703 743 dormitasse
719 706 821 753 poeniteat:

89 765 197 806 intueamini
211 764 294 802 ordinum
308 765 384 802 aliorum
399 765 515 814 professores
528 778 580 815 quam
594 765 675 811 sollicite,
688 778 742 814 quam
755 764 823 808 zelose,

90 836 143 873 quarn
157 833 259 860 constanter
272 823 321 870 Iura,
335 823 439 872 privilegia,
454 823 539 861 coenobia
556 824 648 872 religionis
662 836 704 860 suae
718 822 824 867 defendant,

89 895 124 920 non
139 893 231 932 parcentes
244 883 333 932 expensis,
342 895 399 931 neque
413 881 508 928 laboribus,
519 897 575 932 neque
589 881 756 927 contributionibus‚
767 893 786 919 ut
795 895 823 919 or-

90 942 139 979 dines
152 955 195 979 suos
208 942 226 978 in
236 942 298 991 vigore
309 952 420 980 conservent.
428 942 513 991 Nunquid
524 942 558 979 illis
568 943 659 979 inferiores
670 944 724 979 estis?
737 942 824 991 Nunquid

89 999 231 1038 mendicantibus
245 1002 371 1050 pauperiores?
384 1002 399 1037 si
412 1004 506 1038 munerum
519 1001 647 1039 coenobiorum
661 1001 728 1038 ordinis
743 1002 823 1039 conside-

89 1074 128 1098 rare
141 1060 200 1107 libeat,
214 1061 274 1108 plures
287 1074 357 1106 stamus,
368 1062 383 1097 si
397 1060 514 1097 substantiam
528 1074 587 1097 rerum
599 1061 731 1109 temporalium,
742 1061 823 1106 ditiores,

89 1120 103 1156 si
112 1120 148 1156 vim
157 1129 174 1155 et
182 1119 327 1165 aucthoritatem,
336 1119 408 1156 indubie
416 1121 558 1168 praestantiores.
567 1120 615 1164 Quid
623 1118 673 1156 nobis
682 1118 737 1164 deest,
746 1120 824 1168 (praeter

90 1178 153 1222 zelum,
162 1189 180 1215 et
189 1180 318 1228 constantiam)
328 1179 375 1227 quod
385 1179 419 1216 illis
429 1179 485 1216 adsit?
499 1179 535 1216 Cur
545 1192 587 1229 ergo
597 1176 715 1216 haesitamus?
725 1179 762 1216 Cur
772 1180 823 1216 inerti

90 1238 130 1274 ocio
140 1237 284 1285 languescimus?
298 1229 359 1282 Quare
373 1251 405 1286 pro
415 1238 519 1275 defensione
528 1238 595 1276 ordinis
604 1240 660 1275 nostri
669 1251 705 1275 nou
715 1238 823 1288 vigilamus?

91 1297 174 1340 Nescitis,
184 1310 195 1333 o
209 1297 276 1341 Patres,
287 1297 372 1345 qnorriarn
383 1296 497 1346 uigilantibus
510 1298 548 1334 iura
557 1297 729 1335 subveniuntiNon
742 1307 768 1334 est
777 1296 823 1334 bona

91 1356 181 1405 patientia,
197 1369 231 1405 qua
245 1357 278 1393 Dei
292 1357 351 1394 honor
364 1357 466 1406 negligitur,
481 1357 538 1394 cultus
551 1356 576 1393 illi
590 1357 659 1393 debitus
673 1357 765 1399 minuitur,
779 1358 824 1393 inte-

90 1417 144 1466 gritas
158 1417 225 1453 ordinis
239 1417 296 1453 sancti
309 1416 395 1456 violatur:
410 1418 459 1461 Quid
472 1417 540 1454 dicatu?
556 1417 625 1454 Doletis
640 1418 674 1454 iam
685 1417 770 1454 translata
779 1406 824 1453 'coe-

90 1473 149 1520 nobia,
160 1485 177 1511 et
187 1486 291 1512 tamennon
301 1477 392 1512 assumitis
401 1489 471 1513 seruare
481 1476 613 1513 transierernla:
627 1477 743 1524 Anteponitis
756 1478 825 1524 privata

92 1533 229 1581 communibus,
242 1534 309 1572 idcirco
322 1534 369 1572 aelus
384 1545 442 1572 vester
456 1549 517 1584 parurn
531 1535 632 1573 fructificat:
646 1536 775 1584 Unusquisque
792 1549 825 1572 no-

91 1603 148 1630 strum
161 1596 188 1639 (ut
202 1593 263 1642 video)
276 1608 294 1631 se
308 1605 367 1631 tutum
383 1596 481 1641 existimat,
494 1596 509 1631 si
522 1595 594 1632 ardente
607 1595 661 1632 domo
680 1595 768 1643 proximi,
781 1608 824 1631 suus

91 1666 127 1690 non
140 1653 188 1691 illico
202 1655 258 1701 paries
272 1654 374 1696 incalescat:
389 1654 423 1691 Sed
437 1669 448 1691 o
461 1653 542 1692 fatuitas:
556 1655 586 1692 sed
600 1667 611 1690 ο
628 1655 693 1691 merito
707 1654 824 1703 vituperanda

91 1713 174 1751 stultitia:
189 1714 226 1757 Qui
239 1725 266 1751 tot
279 1714 371 1750 involutus
387 1714 470 1763 periculis
484 1715 505 1751 de
519 1716 612 1751 securitate
626 1727 656 1750 sua
670 1714 725 1751 modo
740 1714 823 1761 erigitur,

91 1782 132 1820 post
145 1773 237 1822 paululum
250 1773 315 1822 lapsus,
326 1786 344 1809 se
359 1774 442 1822 plangere
455 1783 537 1822 cogetur:
551 1774 588 1812 Nos
602 1787 644 1822 ergo
653 1774 720 1817 Patres,
731 1774 745 1810 si
759 1773 824 1809 donrus

92 1841 160 1869 nostras
174 1834 195 1868 ab
209 1832 291 1869 incendio
305 1832 374 1869 illaesas
388 1845 458 1869 servare
472 1834 559 1882 cupimus,
573 1834 609 1881 igni
624 1846 664 1870 cum
678 1834 728 1882 aqua,
743 1834 758 1869 si
771 1832 825 1881 longe

92 1891 154 1938 distat,
168 1904 283 1929 occuramus:
298 1892 345 1929 Nam
362 1893 377 1928 si
394 1892 465 1929 flanmra
482 1906 537 1940 usque
555 1893 576 1929 ad
589 1893 646 1929 vicina
659 1894 735 1930 transire
752 1893 826 1941 permit-

59 1947 61 1950 ’
92 1952 146 1997 titur,
161 1950 182 1989 de
199 1950 278 1988 remedio
295 1952 350 1988 rrinris
367 1952 416 1988 tarde
430 1950 524 1999 cogitatur.
537 1952 584 1988 Hinc
597 1952 650 1988 Poeta
664 1951 717 1995 dicit,
733 1951 827 1999 Principiis

92 2009 148 2057 obsta,
158 2024 197 2048 sero
207 2011 382 2061 medicinaparatur,
396 2012 444 2047 Dum
458 2011 503 2048 mala
517 2024 548 2061 per
561 2011 622 2060 longas
634 2011 741 2048 convaluere
754 2023 825 2048 nrorts:

91 2069 171 2106 Pericula
181 2069 291 2107 dissimulata
301 2083 322 2108 ex
331 2080 412 2118 tempore
421 2070 538 2115 roborantur,
553 2080 570 2107 et
580 2070 627 2119 qnod
637 2071 654 2107 iu
663 2071 753 2119 principio
765 2083 826 2106 curam

92 2129 143 2166 facile
159 2130 232 2178 recipit,
246 2130 331 2178 paulatim
345 2130 441 2168 incurabile
455 2130 529 2168 efficitur
542 2131 611 2168 vulnus.
625 2129 683 2167 Simul
697 2129 791 2176 attendite,
804 2143 826 2166 ne

92 2190 147 2227 modo
157 2190 249 2239 neglectus
263 2202 312 2227 error
325 2191 343 2227 in
357 2191 464 2227 immensum
475 2204 557 2228 successu
566 2191 653 2240 temporis
663 2199 740 2228 crescat:
755 2189 826 2238 quando

92 2248 151 2286 nullus
160 2249 267 2296 inuenietur,
276 2250 305 2297 qui
320 2263 339 2286 se
352 2263 384 2299 pro
398 2249 460 2287 ordine
474 2259 574 2287 constanter
584 2259 672 2298 opponat:
687 2249 742 2293 Quod
756 2249 771 2285 si
781 2248 827 2285 dirre-

58 2354 60 2359 ,
93 2308 130 2345 ritis
144 2307 298 2347 dimembrationis
311 2308 416 2346 authoribus
429 2308 479 2347 litem
492 2322 561 2358 semper
574 2308 628 2346 fnisse
640 2309 749 2357 oppositam,
758 2321 825 2356 eosque

92 2368 209 2406 nihilominus
224 2368 350 2416 praeualuisse,
365 2368 408 2406 illud
419 2368 538 2416 Virgilianum
552 2368 656 2417 respondeo.
671 2367 763 2411 Quoniam
777 2366 827 2404 tarde

93 2440 156 2463 venere
170 2425 246 2463 bubulci.
259 2427 303 2464 Post
316 2427 448 2464 firmamentum
462 2427 559 2474 literarum,
571 2427 605 2464 lata
619 2440 655 2464 non
668 2426 720 2463 facile
733 2435 828 2464 revocatur

93 2487 184 2523 sententia.
198 2486 245 2523 Nam
258 2489 273 2524 si
286 2487 360 2532 Pilatus,
375 2486 423 2535 quod
436 2487 491 2523 semel
504 2488 580 2535 scripsit,
594 2481 690 2522 immutare
706 2499 742 2523 non
757 2487 826 2523 voluit:

93 2545 184 2593 quonrodu
196 2558 278 2582 summus
288 2546 370 2583 Pontileu
379 2546 461 2582 Vicarius
471 2546 537 2583 Christi
550 2544 605 2582 semel
617 2547 709 2582 decretum
723 2545 827 2582 revocabit?

94 2605 169 2641 Facilius
182 2604 281 2653 impeditur
289 2606 383 2651 sententia,
393 2618 445 2654 quam
458 2615 557 2642 revocatur.
570 2606 598 2642 lus
612 2616 670 2641 atatem
685 2617 745 2651 sunm,
755 2605 786 2654 qui
797 2617 828 2641 ne-

93 2664 155 2713 gligit,
169 2664 271 2703 adversario
290 2665 381 2703 concedit:
395 2665 511 2713 Vigilandurn
526 2675 551 2703 est
569 2665 652 2704 omuibus
670 2666 689 2702 in
707 2678 767 2712 causa,
785 2678 831 2715 quae

770 2773 784 2795 ¹7

869 1302 933 1328 Patientia

845 1345 870 1371 qua
877 1337 902 1362 Dei
908 1337 934 1362 cul·

845 1378 865 1397 tus
878 1371 933 1406 negligi-

845 1412 866 1432 tur
875 1406 913 1432 inula.

869 1736 935 1763 Periculu-

845 1779 874 1797 rum
888 1772 935 1805 princi·

846 1806 870 1840 piis
882 1807 935 1832 obstan-

846 1841 883 1867 dnm.

865 1890 904 1916 oar.
946 1926 948 1929 Ι

865 2369 906 2402 Verg⁴

881 2523 936 2548 Senten-

848 2556 871 2582 tia
888 2556 936 2582 facilius

849 2591 937 2625 impeditur

848 2634 888 2659 quarn
899 2634 936 2652 reau-

849 2666 889 2688 cetur.
