<?xml version="1.0" encoding="UTF-8"?>
<!DOCTYPE html PUBLIC "-//W3C//DTD XHTML 1.0 Transitional//EN"
    "http://www.w3.org/TR/xhtml1/DTD/xhtml1-transitional.dtd">
<html xmlns="http://www.w3.org/1999/xhtml" xml:lang="en" lang="en">
 <head>
  <title>
</title>
<meta http-equiv="Content-Type" content="text/html;charset=utf-8" />
  <meta name='ocr-system' content='tesseract 3.04.00' />
  <meta name='ocr-capabilities' content='ocr_page ocr_carea ocr_par ocr_line ocrx_word'/>
</head>
<body>
  <div class='ocr_page' id='page_1' title='image "MN5032ucmf_2_0142.png"; bbox 0 0 1968 3023; ppageno 0'>
   <div class='ocr_carea' id='block_1_1' title="bbox 149 138 664 188">
    <p class='ocr_par' dir='ltr' id='par_1_1' title="bbox 149 138 664 188">
     <span class='ocr_line' id='line_1_1' title="bbox 149 138 664 188; baseline -0.004 -12"><span class='ocrx_word' id='word_1_1' title='bbox 149 152 183 188; x_wconf 80' lang='lat'>130</span> <span class='ocrx_word' id='word_1_2' title='bbox 369 141 395 177; x_wconf 80' lang='lat' dir='ltr'>De</span> <span class='ocrx_word' id='word_1_3' title='bbox 405 139 494 188; x_wconf 85' lang='lat' dir='ltr'>patientia,</span> <span class='ocrx_word' id='word_1_4' title='bbox 509 145 522 175; x_wconf 80' lang='lat' dir='ltr'>tt</span> <span class='ocrx_word' id='word_1_5' title='bbox 536 138 664 175; x_wconf 76' lang='lat' dir='ltr'><em>mansuetudine.</em></span> 
     </span>
    </p>
   </div>
   <div class='ocr_carea' id='block_1_2' title="bbox 143 218 903 1637">
    <p class='ocr_par' dir='ltr' id='par_1_2' title="bbox 143 218 903 1637">
     <span class='ocr_line' id='line_1_2' title="bbox 147 218 884 267; baseline 0.001 -13"><span class='ocrx_word' id='word_1_6' title='bbox 147 220 202 267; x_wconf 89' lang='lat' dir='ltr'>igitur</span> <span class='ocrx_word' id='word_1_7' title='bbox 216 218 237 256; x_wconf 90' lang='lat' dir='ltr'>da</span> <span class='ocrx_word' id='word_1_8' title='bbox 251 221 338 257; x_wconf 85' lang='lat' dir='ltr'>rationem</span> <span class='ocrx_word' id='word_1_9' title='bbox 352 220 466 258; x_wconf 74' lang='lat' dir='ltr'>villicationis</span> <span class='ocrx_word' id='word_1_10' title='bbox 480 229 526 256; x_wconf 86' lang='lat' dir='ltr'>tuae.</span> <span class='ocrx_word' id='word_1_11' title='bbox 536 218 586 263; x_wconf 85' lang='lat' dir='ltr'>Quid</span> <span class='ocrx_word' id='word_1_12' title='bbox 599 228 642 255; x_wconf 91' lang='lat' dir='ltr'>tunc</span> <span class='ocrx_word' id='word_1_13' title='bbox 654 230 773 266; x_wconf 81' lang='lat' dir='ltr'>responsurus</span> <span class='ocrx_word' id='word_1_14' title='bbox 787 232 812 265; x_wconf 89' lang='lat' dir='ltr'>es,</span> <span class='ocrx_word' id='word_1_15' title='bbox 823 230 833 254; x_wconf 92' lang='lat' dir='ltr'>o</span> <span class='ocrx_word' id='word_1_16' title='bbox 843 218 884 255; x_wconf 92' lang='lat' dir='ltr'>Mo-</span> 
     </span>
     <span class='ocr_line' id='line_1_3' title="bbox 146 276 883 329; baseline 0.003 -15"><span class='ocrx_word' id='word_1_17' title='bbox 146 279 202 315; x_wconf 88' lang='lat' dir='ltr'>nacbe</span> <span class='ocrx_word' id='word_1_18' title='bbox 216 279 276 329; x_wconf 86' lang='lat' dir='ltr'>piger,</span> <span class='ocrx_word' id='word_1_19' title='bbox 291 290 308 317; x_wconf 85' lang='lat' dir='ltr'>et</span> <span class='ocrx_word' id='word_1_20' title='bbox 321 278 381 325; x_wconf 90' lang='lat' dir='ltr'>deses,</span> <span class='ocrx_word' id='word_1_21' title='bbox 398 280 428 329; x_wconf 89' lang='lat' dir='ltr'>qui</span> <span class='ocrx_word' id='word_1_22' title='bbox 443 290 513 328; x_wconf 89' lang='lat' dir='ltr'>tempus</span> <span class='ocrx_word' id='word_1_23' title='bbox 530 290 577 315; x_wconf 89' lang='lat' dir='ltr'>nunc</span> <span class='ocrx_word' id='word_1_24' title='bbox 596 276 702 327; x_wconf 72' lang='lat' dir='ltr'>acceptabile</span> <span class='ocrx_word' id='word_1_25' title='bbox 720 287 757 314; x_wconf 90' lang='lat' dir='ltr'>tarn</span> <span class='ocrx_word' id='word_1_26' title='bbox 773 277 883 316; x_wconf 78' lang='lat' dir='ltr'>infructuose</span> 
     </span>
     <span class='ocr_line' id='line_1_4' title="bbox 147 337 883 388; baseline 0.003 -15"><span class='ocrx_word' id='word_1_27' title='bbox 147 338 246 383; x_wconf 87' lang='lat' dir='ltr'>consunris,</span> <span class='ocrx_word' id='word_1_28' title='bbox 257 350 274 376; x_wconf 89' lang='lat' dir='ltr'>et</span> <span class='ocrx_word' id='word_1_29' title='bbox 288 341 347 377; x_wconf 87' lang='lat' dir='ltr'>vivere</span> <span class='ocrx_word' id='word_1_30' title='bbox 360 341 377 377; x_wconf 89' lang='lat' dir='ltr'>in</span> <span class='ocrx_word' id='word_1_31' title='bbox 392 353 432 377; x_wconf 88' lang='lat' dir='ltr'>vera</span> <span class='ocrx_word' id='word_1_32' title='bbox 445 339 521 388; x_wconf 89' lang='lat' dir='ltr'>puritate</span> <span class='ocrx_word' id='word_1_33' title='bbox 530 339 629 376; x_wconf 89' lang='lat' dir='ltr'>monastica</span> <span class='ocrx_word' id='word_1_34' title='bbox 638 337 737 375; x_wconf 90' lang='lat' dir='ltr'>secundum</span> <span class='ocrx_word' id='word_1_35' title='bbox 747 337 828 388; x_wconf 86' lang='lat' dir='ltr'>regulam</span> <span class='ocrx_word' id='word_1_36' title='bbox 842 351 883 375; x_wconf 94' lang='lat' dir='ltr'>con-</span> 
     </span>
     <span class='ocr_line' id='line_1_5' title="bbox 146 397 883 448; baseline 0.004 -16"><span class='ocrx_word' id='word_1_37' title='bbox 146 398 225 436; x_wconf 83' lang='lat' dir='ltr'>temnis?</span> <span class='ocrx_word' id='word_1_38' title='bbox 239 398 294 444; x_wconf 89' lang='lat' dir='ltr'>Quid,</span> <span class='ocrx_word' id='word_1_39' title='bbox 308 400 388 448; x_wconf 83' lang='lat' dir='ltr'>inquam,</span> <span class='ocrx_word' id='word_1_40' title='bbox 403 397 528 448; x_wconf 83' lang='lat' dir='ltr'>respondebis?</span> <span class='ocrx_word' id='word_1_41' title='bbox 541 397 644 446; x_wconf 85' lang='lat' dir='ltr'>Negabisne</span> <span class='ocrx_word' id='word_1_42' title='bbox 658 398 751 445; x_wconf 86' lang='lat' dir='ltr'>pravitatis</span> <span class='ocrx_word' id='word_1_43' title='bbox 765 411 825 447; x_wconf 86' lang='lat' dir='ltr'>opera,</span> <span class='ocrx_word' id='word_1_44' title='bbox 839 412 883 447; x_wconf 91' lang='lat' dir='ltr'>quae</span> 
     </span>
     <span class='ocr_line' id='line_1_6' title="bbox 147 457 882 508; baseline 0.003 -16"><span class='ocrx_word' id='word_1_45' title='bbox 147 458 260 502; x_wconf 83' lang='lat' dir='ltr'>commisisti,</span> <span class='ocrx_word' id='word_1_46' title='bbox 275 469 379 496; x_wconf 88' lang='lat' dir='ltr'>ostensurus</span> <span class='ocrx_word' id='word_1_47' title='bbox 393 472 424 508; x_wconf 89' lang='lat' dir='ltr'>per</span> <span class='ocrx_word' id='word_1_48' title='bbox 437 459 523 496; x_wconf 79' lang='lat' dir='ltr'>fallaciam</span> <span class='ocrx_word' id='word_1_49' title='bbox 537 457 591 501; x_wconf 90' lang='lat' dir='ltr'>bona,</span> <span class='ocrx_word' id='word_1_50' title='bbox 606 470 651 507; x_wconf 89' lang='lat' dir='ltr'>qnae</span> <span class='ocrx_word' id='word_1_51' title='bbox 665 470 712 494; x_wconf 90' lang='lat' dir='ltr'>nunc</span> <span class='ocrx_word' id='word_1_52' title='bbox 726 458 796 505; x_wconf 86' lang='lat' dir='ltr'>operari</span> <span class='ocrx_word' id='word_1_53' title='bbox 809 459 882 506; x_wconf 87' lang='lat' dir='ltr'>spernis,</span> 
     </span>
     <span class='ocr_line' id='line_1_7' title="bbox 146 515 903 566; baseline 0.004 -15"><span class='ocrx_word' id='word_1_54' title='bbox 146 526 240 564; x_wconf 86' lang='lat' dir='ltr'>quatenns,</span> <span class='ocrx_word' id='word_1_55' title='bbox 251 518 343 555; x_wconf 88' lang='lat' dir='ltr'>mendacio</span> <span class='ocrx_word' id='word_1_56' title='bbox 358 519 500 555; x_wconf 82' lang='lat' dir='ltr'>circumveniens</span> <span class='ocrx_word' id='word_1_57' title='bbox 513 517 598 563; x_wconf 85' lang='lat' dir='ltr'>iudicem,</span> <span class='ocrx_word' id='word_1_58' title='bbox 607 518 668 566; x_wconf 86' lang='lat' dir='ltr'>sicque</span> <span class='ocrx_word' id='word_1_59' title='bbox 682 516 760 554; x_wconf 86' lang='lat' dir='ltr'>debitam</span> <span class='ocrx_word' id='word_1_60' title='bbox 774 515 837 554; x_wconf 78' lang='lat' dir='ltr'>evadas</span> <span class='ocrx_word' id='word_1_61' title='bbox 849 518 883 554; x_wconf 89' lang='lat' dir='ltr'>tuis</span> <span class='ocrx_word' id='word_1_62' title='bbox 902 562 903 565; x_wconf 11' lang='grc' dir='ltr'><strong>Ἰ</strong></span> 
     </span>
     <span class='ocr_line' id='line_1_8' title="bbox 144 574 882 626; baseline 0.001 -15"><span class='ocrx_word' id='word_1_63' title='bbox 144 574 236 613; x_wconf 87' lang='lat' dir='ltr'>demeritis</span> <span class='ocrx_word' id='word_1_64' title='bbox 250 578 339 625; x_wconf 85' lang='lat' dir='ltr'>poenam?</span> <span class='ocrx_word' id='word_1_65' title='bbox 353 578 388 614; x_wconf 87' lang='lat' dir='ltr'>Sed</span> <span class='ocrx_word' id='word_1_66' title='bbox 401 578 483 626; x_wconf 88' lang='lat' dir='ltr'>ignorare</span> <span class='ocrx_word' id='word_1_67' title='bbox 496 589 531 613; x_wconf 93' lang='lat' dir='ltr'>non</span> <span class='ocrx_word' id='word_1_68' title='bbox 545 575 605 621; x_wconf 88' lang='lat' dir='ltr'>debes,</span> <span class='ocrx_word' id='word_1_69' title='bbox 620 576 705 625; x_wconf 86' lang='lat' dir='ltr'>quoniam</span> <span class='ocrx_word' id='word_1_70' title='bbox 720 576 785 619; x_wconf 83' lang='lat' dir='ltr'>ornnia,</span> <span class='ocrx_word' id='word_1_71' title='bbox 800 588 844 625; x_wconf 87' lang='lat' dir='ltr'>quae</span> <span class='ocrx_word' id='word_1_72' title='bbox 857 577 882 612; x_wconf 83' lang='lat' dir='ltr'>ie-</span> 
     </span>
     <span class='ocr_line' id='line_1_9' title="bbox 147 634 882 686; baseline 0.004 -17"><span class='ocrx_word' id='word_1_73' title='bbox 147 634 192 678; x_wconf 90' lang='lat' dir='ltr'>cisti,</span> <span class='ocrx_word' id='word_1_74' title='bbox 207 635 278 681; x_wconf 78' lang='lat' dir='ltr'>dixisti,</span> <span class='ocrx_word' id='word_1_75' title='bbox 293 635 320 672; x_wconf 89' lang='lat' dir='ltr'>vel</span> <span class='ocrx_word' id='word_1_76' title='bbox 335 637 417 686; x_wconf 79' lang='lat' dir='ltr'>cogitasti</span> <span class='ocrx_word' id='word_1_77' title='bbox 431 649 461 685; x_wconf 91' lang='lat' dir='ltr'>per</span> <span class='ocrx_word' id='word_1_78' title='bbox 475 648 548 673; x_wconf 90' lang='lat' dir='ltr'>omnem</span> <span class='ocrx_word' id='word_1_79' title='bbox 561 635 615 672; x_wconf 90' lang='lat' dir='ltr'>vitam</span> <span class='ocrx_word' id='word_1_80' title='bbox 630 646 689 681; x_wconf 88' lang='lat' dir='ltr'>tuam,</span> <span class='ocrx_word' id='word_1_81' title='bbox 705 634 760 679; x_wconf 90' lang='lat' dir='ltr'>bona,</span> <span class='ocrx_word' id='word_1_82' title='bbox 775 646 792 671; x_wconf 91' lang='lat' dir='ltr'>et</span> <span class='ocrx_word' id='word_1_83' title='bbox 805 635 851 672; x_wconf 86' lang='lat' dir='ltr'>tnala</span> <span class='ocrx_word' id='word_1_84' title='bbox 864 636 882 672; x_wconf 94' lang='lat' dir='ltr'>in</span> 
     </span>
     <span class='ocr_line' id='line_1_10' title="bbox 146 694 882 744; baseline 0.001 -14"><span class='ocrx_word' id='word_1_85' title='bbox 146 705 242 743; x_wconf 77' lang='lat' dir='ltr'>conspectu</span> <span class='ocrx_word' id='word_1_86' title='bbox 257 695 322 732; x_wconf 89' lang='lat' dir='ltr'>Iudicis</span> <span class='ocrx_word' id='word_1_87' title='bbox 336 705 377 732; x_wconf 91' lang='lat' dir='ltr'>sunt</span> <span class='ocrx_word' id='word_1_88' title='bbox 390 696 489 741; x_wconf 85' lang='lat' dir='ltr'>mamiesta,</span> <span class='ocrx_word' id='word_1_89' title='bbox 505 705 521 732; x_wconf 93' lang='lat' dir='ltr'>et</span> <span class='ocrx_word' id='word_1_90' title='bbox 534 694 579 732; x_wconf 91' lang='lat' dir='ltr'>nibil</span> <span class='ocrx_word' id='word_1_91' title='bbox 592 708 633 731; x_wconf 92' lang='lat' dir='ltr'>eum</span> <span class='ocrx_word' id='word_1_92' title='bbox 647 694 701 731; x_wconf 86' lang='lat' dir='ltr'>latere</span> <span class='ocrx_word' id='word_1_93' title='bbox 711 703 778 743; x_wconf 87' lang='lat' dir='ltr'>potest,</span> <span class='ocrx_word' id='word_1_94' title='bbox 789 695 819 744; x_wconf 90' lang='lat' dir='ltr'>qui</span> <span class='ocrx_word' id='word_1_95' title='bbox 833 694 882 731; x_wconf 89' lang='lat' dir='ltr'>solus</span> 
     </span>
     <span class='ocr_line' id='line_1_11' title="bbox 146 753 882 804; baseline 0.003 -15"><span class='ocrx_word' id='word_1_96' title='bbox 146 755 207 791; x_wconf 92' lang='lat' dir='ltr'>omnia</span> <span class='ocrx_word' id='word_1_97' title='bbox 221 755 276 793; x_wconf 88' lang='lat' dir='ltr'>novit.</span> <span class='ocrx_word' id='word_1_98' title='bbox 291 755 358 793; x_wconf 89' lang='lat' dir='ltr'>Omnia</span> <span class='ocrx_word' id='word_1_99' title='bbox 372 756 419 792; x_wconf 90' lang='lat' dir='ltr'>enim</span> <span class='ocrx_word' id='word_1_100' title='bbox 433 756 451 792; x_wconf 89' lang='lat' dir='ltr'>in</span> <span class='ocrx_word' id='word_1_101' title='bbox 464 753 509 792; x_wconf 89' lang='lat' dir='ltr'>libro</span> <span class='ocrx_word' id='word_1_102' title='bbox 519 755 553 791; x_wconf 90' lang='lat' dir='ltr'>Dei</span> <span class='ocrx_word' id='word_1_103' title='bbox 562 755 628 804; x_wconf 86' lang='lat' dir='ltr'>scripta</span> <span class='ocrx_word' id='word_1_104' title='bbox 637 763 688 792; x_wconf 88' lang='lat' dir='ltr'>sunt:</span> <span class='ocrx_word' id='word_1_105' title='bbox 703 766 719 792; x_wconf 93' lang='lat' dir='ltr'>et</span> <span class='ocrx_word' id='word_1_106' title='bbox 733 755 841 792; x_wconf 87' lang='lat' dir='ltr'>conscientia</span> <span class='ocrx_word' id='word_1_107' title='bbox 853 764 882 791; x_wconf 92' lang='lat' dir='ltr'>tua</span> 
     </span>
     <span class='ocr_line' id='line_1_12' title="bbox 147 813 882 864; baseline 0.004 -15"><span class='ocrx_word' id='word_1_108' title='bbox 147 815 228 851; x_wconf 91' lang='lat' dir='ltr'>omnium</span> <span class='ocrx_word' id='word_1_109' title='bbox 243 815 338 852; x_wconf 89' lang='lat' dir='ltr'>adversum</span> <span class='ocrx_word' id='word_1_110' title='bbox 352 825 370 852; x_wconf 90' lang='lat' dir='ltr'>te</span> <span class='ocrx_word' id='word_1_111' title='bbox 383 814 428 851; x_wconf 90' lang='lat' dir='ltr'>male</span> <span class='ocrx_word' id='word_1_112' title='bbox 441 824 533 864; x_wconf 88' lang='lat' dir='ltr'>gestorum</span> <span class='ocrx_word' id='word_1_113' title='bbox 542 823 623 863; x_wconf 87' lang='lat' dir='ltr'>apertum</span> <span class='ocrx_word' id='word_1_114' title='bbox 636 813 736 863; x_wconf 79' lang='lat' dir='ltr'>perhibebit</span> <span class='ocrx_word' id='word_1_115' title='bbox 748 814 882 852; x_wconf 85' lang='lat' dir='ltr'>testimoninm:</span> 
     </span>
     <span class='ocr_line' id='line_1_13' title="bbox 146 872 882 923; baseline 0.004 -16"><span class='ocrx_word' id='word_1_116' title='bbox 146 872 170 908; x_wconf 91' lang='lat' dir='ltr'>ita</span> <span class='ocrx_word' id='word_1_117' title='bbox 184 872 232 922; x_wconf 88' lang='lat' dir='ltr'>quod</span> <span class='ocrx_word' id='word_1_118' title='bbox 246 886 279 910; x_wconf 88' lang='lat' dir='ltr'>nec</span> <span class='ocrx_word' id='word_1_119' title='bbox 292 874 366 911; x_wconf 87' lang='lat' dir='ltr'>nrinima</span> <span class='ocrx_word' id='word_1_120' title='bbox 382 873 453 923; x_wconf 90' lang='lat' dir='ltr'>quidem</span> <span class='ocrx_word' id='word_1_121' title='bbox 472 874 557 922; x_wconf 80' lang='lat' dir='ltr'>cogitatio</span> <span class='ocrx_word' id='word_1_122' title='bbox 575 873 641 921; x_wconf 90' lang='lat' dir='ltr'>poterit</span> <span class='ocrx_word' id='word_1_123' title='bbox 658 872 718 911; x_wconf 82' lang='lat' dir='ltr'>latere.</span> <span class='ocrx_word' id='word_1_124' title='bbox 735 874 784 910; x_wconf 88' lang='lat' dir='ltr'>Dicit</span> <span class='ocrx_word' id='word_1_125' title='bbox 799 874 847 910; x_wconf 92' lang='lat' dir='ltr'>enim</span> <span class='ocrx_word' id='word_1_126' title='bbox 861 873 882 910; x_wconf 88' lang='lat' dir='ltr'>ad</span> 
     </span>
     <span class='ocr_line' id='line_1_14' title="bbox 146 930 882 982; baseline 0 -15"><span class='ocrx_word' id='word_1_127' title='bbox 146 931 205 968; x_wconf 90' lang='lat' dir='ltr'>Deum</span> <span class='ocrx_word' id='word_1_128' title='bbox 220 932 307 981; x_wconf 87' lang='lat' dir='ltr'>scriptura</span> <span class='ocrx_word' id='word_1_129' title='bbox 320 933 458 982; x_wconf 85' lang='lat' dir='ltr'>prophetarum:</span> <span class='ocrx_word' id='word_1_130' title='bbox 472 932 561 976; x_wconf 86' lang='lat' dir='ltr'>Quoniam</span> <span class='ocrx_word' id='word_1_131' title='bbox 576 933 661 981; x_wconf 81' lang='lat' dir='ltr'>cogitatio</span> <span class='ocrx_word' id='word_1_132' title='bbox 675 932 754 970; x_wconf 90' lang='lat' dir='ltr'>hominis</span> <span class='ocrx_word' id='word_1_133' title='bbox 768 930 882 970; x_wconf 86' lang='lat' dir='ltr'>confitebitur</span> 
     </span>
     <span class='ocr_line' id='line_1_15' title="bbox 146 991 882 1039; baseline 0 -11"><span class='ocrx_word' id='word_1_134' title='bbox 146 991 185 1029; x_wconf 88' lang='lat' dir='ltr'>tibi.</span> <span class='ocrx_word' id='word_1_135' title='bbox 199 991 228 1029; x_wconf 84' lang='lat' dir='ltr'>Ad</span> <span class='ocrx_word' id='word_1_136' title='bbox 242 993 319 1030; x_wconf 90' lang='lat' dir='ltr'>tribunal</span> <span class='ocrx_word' id='word_1_137' title='bbox 333 994 393 1030; x_wconf 85' lang='lat' dir='ltr'>omma</span> <span class='ocrx_word' id='word_1_138' title='bbox 406 994 477 1030; x_wconf 89' lang='lat' dir='ltr'>scientis</span> <span class='ocrx_word' id='word_1_139' title='bbox 491 991 594 1030; x_wconf 90' lang='lat' dir='ltr'>iudicandus</span> <span class='ocrx_word' id='word_1_140' title='bbox 608 1006 634 1039; x_wconf 87' lang='lat' dir='ltr'>es,</span> <span class='ocrx_word' id='word_1_141' title='bbox 644 1001 684 1029; x_wconf 84' lang='lat' dir='ltr'>ante</span> <span class='ocrx_word' id='word_1_142' title='bbox 699 993 748 1029; x_wconf 89' lang='lat' dir='ltr'>cuius</span> <span class='ocrx_word' id='word_1_143' title='bbox 762 991 841 1029; x_wconf 85' lang='lat' dir='ltr'>terribile</span> <span class='ocrx_word' id='word_1_144' title='bbox 854 992 882 1028; x_wconf 93' lang='lat' dir='ltr'>Iu-</span> 
     </span>
     <span class='ocr_line' id='line_1_16' title="bbox 146 1050 882 1097; baseline -0.001 -8"><span class='ocrx_word' id='word_1_145' title='bbox 146 1052 213 1089; x_wconf 88' lang='lat' dir='ltr'>dicium</span> <span class='ocrx_word' id='word_1_146' title='bbox 227 1054 286 1089; x_wconf 90' lang='lat' dir='ltr'>omnis</span> <span class='ocrx_word' id='word_1_147' title='bbox 301 1063 380 1089; x_wconf 89' lang='lat' dir='ltr'>creatura</span> <span class='ocrx_word' id='word_1_148' title='bbox 394 1066 434 1089; x_wconf 85' lang='lat' dir='ltr'>cunt</span> <span class='ocrx_word' id='word_1_149' title='bbox 449 1062 496 1090; x_wconf 91' lang='lat' dir='ltr'>metu</span> <span class='ocrx_word' id='word_1_150' title='bbox 509 1053 574 1097; x_wconf 89' lang='lat' dir='ltr'>nimio,</span> <span class='ocrx_word' id='word_1_151' title='bbox 591 1063 607 1089; x_wconf 89' lang='lat' dir='ltr'>et</span> <span class='ocrx_word' id='word_1_152' title='bbox 620 1057 699 1089; x_wconf 85' lang='lat' dir='ltr'>tretnore</span> <span class='ocrx_word' id='word_1_153' title='bbox 715 1050 772 1096; x_wconf 85' lang='lat' dir='ltr'>stabit,</span> <span class='ocrx_word' id='word_1_154' title='bbox 789 1051 819 1089; x_wconf 88' lang='lat' dir='ltr'>nbi</span> <span class='ocrx_word' id='word_1_155' title='bbox 834 1051 882 1088; x_wconf 91' lang='lat' dir='ltr'>nulia</span> 
     </span>
     <span class='ocr_line' id='line_1_17' title="bbox 145 1111 882 1161; baseline 0 -13"><span class='ocrx_word' id='word_1_156' title='bbox 145 1113 216 1160; x_wconf 89' lang='lat' dir='ltr'>penitus</span> <span class='ocrx_word' id='word_1_157' title='bbox 230 1111 330 1149; x_wconf 75' lang='lat' dir='ltr'>admittitur</span> <span class='ocrx_word' id='word_1_158' title='bbox 348 1113 449 1156; x_wconf 76' lang='lat' dir='ltr'>excusatio,</span> <span class='ocrx_word' id='word_1_159' title='bbox 467 1111 498 1149; x_wconf 90' lang='lat' dir='ltr'>sed</span> <span class='ocrx_word' id='word_1_160' title='bbox 515 1111 580 1161; x_wconf 85' lang='lat' dir='ltr'>singuli</span> <span class='ocrx_word' id='word_1_161' title='bbox 597 1112 687 1160; x_wconf 87' lang='lat' dir='ltr'>recepturi</span> <span class='ocrx_word' id='word_1_162' title='bbox 700 1121 741 1149; x_wconf 88' lang='lat' dir='ltr'>sunt</span> <span class='ocrx_word' id='word_1_163' title='bbox 754 1111 833 1149; x_wconf 85' lang='lat' dir='ltr'>debitam</span> <span class='ocrx_word' id='word_1_164' title='bbox 846 1111 882 1148; x_wconf 89' lang='lat' dir='ltr'>suis</span> 
     </span>
     <span class='ocr_line' id='line_1_18' title="bbox 145 1170 882 1220; baseline 0 -12"><span class='ocrx_word' id='word_1_165' title='bbox 145 1172 221 1217; x_wconf 89' lang='lat' dir='ltr'>meritis,</span> <span class='ocrx_word' id='word_1_166' title='bbox 232 1182 302 1208; x_wconf 87' lang='lat' dir='ltr'>semota</span> <span class='ocrx_word' id='word_1_167' title='bbox 316 1171 440 1220; x_wconf 81' lang='lat' dir='ltr'>appellatione,</span> <span class='ocrx_word' id='word_1_168' title='bbox 450 1172 561 1209; x_wconf 88' lang='lat' dir='ltr'>sententiam.</span> <span class='ocrx_word' id='word_1_169' title='bbox 576 1171 632 1208; x_wconf 85' lang='lat' dir='ltr'>Millia</span> <span class='ocrx_word' id='word_1_170' title='bbox 646 1170 729 1215; x_wconf 89' lang='lat' dir='ltr'>millium,</span> <span class='ocrx_word' id='word_1_171' title='bbox 740 1181 756 1208; x_wconf 95' lang='lat' dir='ltr'>et</span> <span class='ocrx_word' id='word_1_172' title='bbox 771 1171 828 1208; x_wconf 89' lang='lat' dir='ltr'>decies</span> <span class='ocrx_word' id='word_1_173' title='bbox 842 1183 882 1208; x_wconf 93' lang='lat' dir='ltr'>cen-</span> 
     </span>
     <span class='ocr_line' id='line_1_19' title="bbox 145 1230 880 1279; baseline 0 -12"><span class='ocrx_word' id='word_1_174' title='bbox 145 1242 186 1268; x_wconf 90' lang='lat' dir='ltr'>tena</span> <span class='ocrx_word' id='word_1_175' title='bbox 199 1231 256 1269; x_wconf 87' lang='lat' dir='ltr'>millia</span> <span class='ocrx_word' id='word_1_176' title='bbox 269 1241 371 1269; x_wconf 88' lang='lat' dir='ltr'>sanctornm</span> <span class='ocrx_word' id='word_1_177' title='bbox 386 1233 481 1279; x_wconf 84' lang='lat' dir='ltr'>spirituum</span> <span class='ocrx_word' id='word_1_178' title='bbox 494 1232 577 1268; x_wconf 84' lang='lat' dir='ltr'>assistent</span> <span class='ocrx_word' id='word_1_179' title='bbox 586 1232 608 1276; x_wconf 92' lang='lat' dir='ltr'>ei,</span> <span class='ocrx_word' id='word_1_180' title='bbox 620 1241 637 1267; x_wconf 91' lang='lat' dir='ltr'>et</span> <span class='ocrx_word' id='word_1_181' title='bbox 650 1241 669 1267; x_wconf 92' lang='lat' dir='ltr'>tu</span> <span class='ocrx_word' id='word_1_182' title='bbox 683 1230 776 1268; x_wconf 85' lang='lat' dir='ltr'>mendacio</span> <span class='ocrx_word' id='word_1_183' title='bbox 790 1241 807 1268; x_wconf 90' lang='lat' dir='ltr'>te</span> <span class='ocrx_word' id='word_1_184' title='bbox 821 1230 880 1268; x_wconf 79' lang='lat' dir='ltr'>fallere</span> 
     </span>
     <span class='ocr_line' id='line_1_20' title="bbox 145 1289 881 1339; baseline -0.001 -11"><span class='ocrx_word' id='word_1_185' title='bbox 145 1290 225 1328; x_wconf 84' lang='lat' dir='ltr'>Iudicem</span> <span class='ocrx_word' id='word_1_186' title='bbox 239 1304 292 1339; x_wconf 87' lang='lat' dir='ltr'>posse</span> <span class='ocrx_word' id='word_1_187' title='bbox 306 1290 390 1328; x_wconf 88' lang='lat' dir='ltr'>confidis?</span> <span class='ocrx_word' id='word_1_188' title='bbox 402 1289 435 1327; x_wconf 87' lang='lat' dir='ltr'>Sed</span> <span class='ocrx_word' id='word_1_189' title='bbox 445 1289 486 1327; x_wconf 90' lang='lat' dir='ltr'>audi</span> <span class='ocrx_word' id='word_1_190' title='bbox 495 1290 588 1328; x_wconf 88' lang='lat' dir='ltr'>consilium</span> <span class='ocrx_word' id='word_1_191' title='bbox 598 1303 666 1335; x_wconf 85' lang='lat' dir='ltr'>meum,</span> <span class='ocrx_word' id='word_1_192' title='bbox 677 1299 694 1327; x_wconf 92' lang='lat' dir='ltr'>et</span> <span class='ocrx_word' id='word_1_193' title='bbox 704 1303 779 1338; x_wconf 87' lang='lat' dir='ltr'>surgens</span> <span class='ocrx_word' id='word_1_194' title='bbox 789 1290 810 1327; x_wconf 91' lang='lat' dir='ltr'>ab</span> <span class='ocrx_word' id='word_1_195' title='bbox 819 1290 881 1327; x_wconf 88' lang='lat' dir='ltr'>inertia</span> 
     </span>
     <span class='ocr_line' id='line_1_21' title="bbox 144 1341 887 1402; baseline -0.001 -15"><span class='ocrx_word' id='word_1_196' title='bbox 144 1361 174 1387; x_wconf 87' lang='lat' dir='ltr'>tna</span> <span class='ocrx_word' id='word_1_197' title='bbox 188 1351 288 1399; x_wconf 84' lang='lat' dir='ltr'>perniciosa</span> <span class='ocrx_word' id='word_1_198' title='bbox 301 1349 372 1387; x_wconf 90' lang='lat' dir='ltr'>tandem</span> <span class='ocrx_word' id='word_1_199' title='bbox 386 1351 517 1399; x_wconf 83' lang='lat' dir='ltr'>expergiscere,</span> <span class='ocrx_word' id='word_1_200' title='bbox 532 1341 550 1387; x_wconf 85' lang='lat' dir='ltr'>et</span> <span class='ocrx_word' id='word_1_201' title='bbox 563 1361 594 1399; x_wconf 90' lang='lat' dir='ltr'>per</span> <span class='ocrx_word' id='word_1_202' title='bbox 607 1362 668 1402; x_wconf 82' lang='lat' dir='ltr'>veram</span> <span class='ocrx_word' id='word_1_203' title='bbox 678 1350 807 1398; x_wconf 84' lang='lat' dir='ltr'>poenitentiam</span> <span class='ocrx_word' id='word_1_204' title='bbox 817 1349 838 1387; x_wconf 87' lang='lat' dir='ltr'>ad</span> <span class='ocrx_word' id='word_1_205' title='bbox 847 1351 887 1387; x_wconf 90' lang='lat' dir='ltr'>Del·</span> 
     </span>
     <span class='ocr_line' id='line_1_22' title="bbox 144 1408 881 1459; baseline 0.003 -13"><span class='ocrx_word' id='word_1_206' title='bbox 144 1410 287 1447; x_wconf 81' lang='lat' dir='ltr'>misericordiam</span> <span class='ocrx_word' id='word_1_207' title='bbox 301 1411 319 1447; x_wconf 91' lang='lat' dir='ltr'>in</span> <span class='ocrx_word' id='word_1_208' title='bbox 332 1419 424 1459; x_wconf 87' lang='lat' dir='ltr'>tempore,</span> <span class='ocrx_word' id='word_1_209' title='bbox 438 1422 447 1445; x_wconf 93' lang='lat' dir='ltr'>a</span> <span class='ocrx_word' id='word_1_210' title='bbox 460 1409 527 1446; x_wconf 88' lang='lat' dir='ltr'>iustitia</span> <span class='ocrx_word' id='word_1_211' title='bbox 544 1422 620 1447; x_wconf 87' lang='lat' dir='ltr'>recurre.</span> <span class='ocrx_word' id='word_1_212' title='bbox 638 1409 681 1446; x_wconf 91' lang='lat' dir='ltr'>Non</span> <span class='ocrx_word' id='word_1_213' title='bbox 698 1408 768 1446; x_wconf 86' lang='lat' dir='ltr'>differas</span> <span class='ocrx_word' id='word_1_214' title='bbox 782 1410 804 1448; x_wconf 89' lang='lat' dir='ltr'>de</span> <span class='ocrx_word' id='word_1_215' title='bbox 817 1409 845 1446; x_wconf 90' lang='lat' dir='ltr'>die</span> <span class='ocrx_word' id='word_1_216' title='bbox 863 1411 881 1448; x_wconf 93' lang='lat' dir='ltr'>in</span> 
     </span>
     <span class='ocr_line' id='line_1_23' title="bbox 144 1467 881 1521; baseline 0.003 -17"><span class='ocrx_word' id='word_1_217' title='bbox 144 1468 198 1516; x_wconf 88' lang='lat' dir='ltr'>diem,</span> <span class='ocrx_word' id='word_1_218' title='bbox 212 1470 298 1519; x_wconf 86' lang='lat' dir='ltr'>qnoniam</span> <span class='ocrx_word' id='word_1_219' title='bbox 312 1469 366 1506; x_wconf 90' lang='lat' dir='ltr'>nimis</span> <span class='ocrx_word' id='word_1_220' title='bbox 380 1477 405 1506; x_wconf 92' lang='lat' dir='ltr'>est</span> <span class='ocrx_word' id='word_1_221' title='bbox 419 1467 539 1517; x_wconf 88' lang='lat' dir='ltr'>periculosum</span> <span class='ocrx_word' id='word_1_222' title='bbox 553 1469 571 1505; x_wconf 91' lang='lat' dir='ltr'>in</span> <span class='ocrx_word' id='word_1_223' title='bbox 584 1469 661 1521; x_wconf 88' lang='lat' dir='ltr'>peccatis</span> <span class='ocrx_word' id='word_1_224' title='bbox 670 1468 750 1505; x_wconf 81' lang='lat' dir='ltr'>rtsanenti</span> <span class='ocrx_word' id='word_1_225' title='bbox 759 1467 854 1513; x_wconf 89' lang='lat' dir='ltr'>confidere,</span> <span class='ocrx_word' id='word_1_226' title='bbox 864 1479 881 1506; x_wconf 92' lang='lat' dir='ltr'>et</span> 
     </span>
     <span class='ocr_line' id='line_1_24' title="bbox 143 1526 881 1577; baseline 0 -12"><span class='ocrx_word' id='word_1_227' title='bbox 143 1528 206 1565; x_wconf 89' lang='lat' dir='ltr'>salutis</span> <span class='ocrx_word' id='word_1_228' title='bbox 216 1528 324 1574; x_wconf 81' lang='lat' dir='ltr'>rernediurn,</span> <span class='ocrx_word' id='word_1_229' title='bbox 336 1528 384 1577; x_wconf 87' lang='lat' dir='ltr'>quod</span> <span class='ocrx_word' id='word_1_230' title='bbox 394 1528 474 1574; x_wconf 81' lang='lat' dir='ltr'>offertur,</span> <span class='ocrx_word' id='word_1_231' title='bbox 483 1526 566 1564; x_wconf 82' lang='lat' dir='ltr'>refutare.</span> <span class='ocrx_word' id='word_1_232' title='bbox 576 1527 677 1573; x_wconf 87' lang='lat' dir='ltr'>Memento,</span> <span class='ocrx_word' id='word_1_233' title='bbox 688 1528 773 1576; x_wconf 88' lang='lat' dir='ltr'>quoniam</span> <span class='ocrx_word' id='word_1_234' title='bbox 783 1529 881 1565; x_wconf 87' lang='lat' dir='ltr'>moriturus</span> 
     </span>
     <span class='ocr_line' id='line_1_25' title="bbox 143 1586 879 1637; baseline 0 -12"><span class='ocrx_word' id='word_1_235' title='bbox 143 1601 168 1634; x_wconf 88' lang='lat' dir='ltr'>es,</span> <span class='ocrx_word' id='word_1_236' title='bbox 182 1598 199 1624; x_wconf 91' lang='lat' dir='ltr'>et</span> <span class='ocrx_word' id='word_1_237' title='bbox 213 1587 285 1637; x_wconf 81' lang='lat' dir='ltr'>qtrando</span> <span class='ocrx_word' id='word_1_238' title='bbox 298 1600 335 1624; x_wconf 93' lang='lat' dir='ltr'>non</span> <span class='ocrx_word' id='word_1_239' title='bbox 349 1589 423 1636; x_wconf 83' lang='lat' dir='ltr'>cogitas,</span> <span class='ocrx_word' id='word_1_240' title='bbox 436 1587 458 1624; x_wconf 90' lang='lat' dir='ltr'>ad</span> <span class='ocrx_word' id='word_1_241' title='bbox 471 1586 557 1624; x_wconf 88' lang='lat' dir='ltr'>iudicium</span> <span class='ocrx_word' id='word_1_242' title='bbox 570 1586 668 1623; x_wconf 86' lang='lat' dir='ltr'>vocaberis.</span> <span class='ocrx_word' id='word_1_243' title='bbox 683 1587 753 1636; x_wconf 87' lang='lat' dir='ltr'>Cogita,</span> <span class='ocrx_word' id='word_1_244' title='bbox 768 1600 837 1636; x_wconf 85' lang='lat' dir='ltr'>precor,</span> <span class='ocrx_word' id='word_1_245' title='bbox 849 1587 879 1625; x_wconf 91' lang='lat' dir='ltr'>du-</span> 
     </span>
    </p>
   </div>
   <div class='ocr_carea' id='block_1_3' title="bbox 143 1644 935 1695">
    <p class='ocr_par' dir='ltr' id='par_1_3' title="bbox 143 1644 935 1695">
     <span class='ocr_line' id='line_1_26' title="bbox 143 1644 935 1695; baseline 0 -12"><span class='ocrx_word' id='word_1_246' title='bbox 143 1645 194 1683; x_wconf 88' lang='lat' dir='ltr'>bium</span> <span class='ocrx_word' id='word_1_247' title='bbox 207 1646 279 1683; x_wconf 87' lang='lat' dir='ltr'>vivendi</span> <span class='ocrx_word' id='word_1_248' title='bbox 293 1656 369 1695; x_wconf 88' lang='lat' dir='ltr'>tempus,</span> <span class='ocrx_word' id='word_1_249' title='bbox 383 1645 475 1694; x_wconf 90' lang='lat' dir='ltr'>quomodo</span> <span class='ocrx_word' id='word_1_250' title='bbox 488 1644 557 1690; x_wconf 82' lang='lat' dir='ltr'>labitur,</span> <span class='ocrx_word' id='word_1_251' title='bbox 572 1654 589 1683; x_wconf 94' lang='lat' dir='ltr'>et</span> <span class='ocrx_word' id='word_1_252' title='bbox 603 1646 669 1692; x_wconf 84' lang='lat' dir='ltr'>omnia,</span> <span class='ocrx_word' id='word_1_253' title='bbox 679 1659 724 1695; x_wconf 85' lang='lat' dir='ltr'>quae</span> <span class='ocrx_word' id='word_1_254' title='bbox 737 1646 820 1683; x_wconf 85' lang='lat' dir='ltr'>mortalia</span> <span class='ocrx_word' id='word_1_255' title='bbox 833 1657 879 1691; x_wconf 80' lang='lat' dir='ltr'>suist,</span> <span class='ocrx_word' id='word_1_256' title='bbox 934 1674 935 1677; x_wconf 20' lang='grc' dir='ltr'>η</span> 
     </span>
    </p>
   </div>
   <div class='ocr_carea' id='block_1_4' title="bbox 139 1704 889 2705">
    <p class='ocr_par' dir='ltr' id='par_1_4' title="bbox 139 1704 889 2705">
     <span class='ocr_line' id='line_1_27' title="bbox 143 1704 880 1755; baseline 0.001 -13"><span class='ocrx_word' id='word_1_257' title='bbox 143 1719 197 1755; x_wconf 84' lang='lat' dir='ltr'>qtram</span> <span class='ocrx_word' id='word_1_258' title='bbox 212 1706 247 1742; x_wconf 90' lang='lat' dir='ltr'>cito</span> <span class='ocrx_word' id='word_1_259' title='bbox 262 1714 406 1753; x_wconf 87' lang='lat' dir='ltr'>corrumpuntur.</span> <span class='ocrx_word' id='word_1_260' title='bbox 420 1705 469 1743; x_wconf 83' lang='lat' dir='ltr'>Nihil</span> <span class='ocrx_word' id='word_1_261' title='bbox 482 1705 500 1741; x_wconf 90' lang='lat' dir='ltr'>in</span> <span class='ocrx_word' id='word_1_262' title='bbox 513 1705 594 1742; x_wconf 81' lang='lat' dir='ltr'>immanis</span> <span class='ocrx_word' id='word_1_263' title='bbox 608 1704 682 1751; x_wconf 88' lang='lat' dir='ltr'>stabile,</span> <span class='ocrx_word' id='word_1_264' title='bbox 696 1704 741 1742; x_wconf 91' lang='lat' dir='ltr'>nihil</span> <span class='ocrx_word' id='word_1_265' title='bbox 758 1705 822 1752; x_wconf 87' lang='lat' dir='ltr'>fixum,</span> <span class='ocrx_word' id='word_1_266' title='bbox 835 1705 880 1743; x_wconf 91' lang='lat' dir='ltr'>nihil</span> 
     </span>
     <span class='ocr_line' id='line_1_28' title="bbox 141 1764 880 1814; baseline 0.003 -12"><span class='ocrx_word' id='word_1_267' title='bbox 141 1765 219 1809; x_wconf 85' lang='lat' dir='ltr'>firmum,</span> <span class='ocrx_word' id='word_1_268' title='bbox 234 1764 265 1802; x_wconf 93' lang='lat' dir='ltr'>sed</span> <span class='ocrx_word' id='word_1_269' title='bbox 278 1764 346 1810; x_wconf 89' lang='lat' dir='ltr'>omnia,</span> <span class='ocrx_word' id='word_1_270' title='bbox 361 1777 405 1814; x_wconf 87' lang='lat' dir='ltr'>quae</span> <span class='ocrx_word' id='word_1_271' title='bbox 418 1766 513 1808; x_wconf 88' lang='lat' dir='ltr'>cernimus,</span> <span class='ocrx_word' id='word_1_272' title='bbox 526 1764 647 1814; x_wconf 86' lang='lat' dir='ltr'>corruptibilia</span> <span class='ocrx_word' id='word_1_273' title='bbox 656 1774 703 1812; x_wconf 86' lang='lat' dir='ltr'>sunt,</span> <span class='ocrx_word' id='word_1_274' title='bbox 713 1773 730 1803; x_wconf 89' lang='lat' dir='ltr'>et</span> <span class='ocrx_word' id='word_1_275' title='bbox 744 1778 785 1802; x_wconf 84' lang='lat' dir='ltr'>curn</span> <span class='ocrx_word' id='word_1_276' title='bbox 798 1776 880 1814; x_wconf 87' lang='lat' dir='ltr'>tempore</span> 
     </span>
     <span class='ocr_line' id='line_1_29' title="bbox 143 1823 880 1871; baseline 0.003 -10"><span class='ocrx_word' id='word_1_277' title='bbox 143 1835 241 1861; x_wconf 82' lang='lat' dir='ltr'>trrtrtantut.</span> <span class='ocrx_word' id='word_1_278' title='bbox 255 1823 355 1861; x_wconf 86' lang='lat' dir='ltr'>Considera</span> <span class='ocrx_word' id='word_1_279' title='bbox 368 1825 428 1870; x_wconf 91' lang='lat' dir='ltr'>etiam,</span> <span class='ocrx_word' id='word_1_280' title='bbox 440 1823 512 1861; x_wconf 86' lang='lat' dir='ltr'>ubinam</span> <span class='ocrx_word' id='word_1_281' title='bbox 521 1834 562 1861; x_wconf 88' lang='lat' dir='ltr'>sunt</span> <span class='ocrx_word' id='word_1_282' title='bbox 571 1823 634 1862; x_wconf 87' lang='lat' dir='ltr'>fratres</span> <span class='ocrx_word' id='word_1_283' title='bbox 643 1826 700 1862; x_wconf 89' lang='lat' dir='ltr'>nostri</span> <span class='ocrx_word' id='word_1_284' title='bbox 710 1824 823 1871; x_wconf 89' lang='lat' dir='ltr'>Valentinus,</span> <span class='ocrx_word' id='word_1_285' title='bbox 833 1826 880 1863; x_wconf 86' lang='lat' dir='ltr'>Mar-</span> 
     </span>
     <span class='ocr_line' id='line_1_30' title="bbox 142 1884 879 1932; baseline 0 -10"><span class='ocrx_word' id='word_1_286' title='bbox 142 1886 196 1929; x_wconf 85' lang='lat' dir='ltr'>tinus,</span> <span class='ocrx_word' id='word_1_287' title='bbox 211 1894 227 1922; x_wconf 90' lang='lat' dir='ltr'>et</span> <span class='ocrx_word' id='word_1_288' title='bbox 241 1885 321 1927; x_wconf 87' lang='lat' dir='ltr'>loannes,</span> <span class='ocrx_word' id='word_1_289' title='bbox 331 1884 361 1932; x_wconf 88' lang='lat' dir='ltr'>qui</span> <span class='ocrx_word' id='word_1_290' title='bbox 371 1896 417 1921; x_wconf 90' lang='lat' dir='ltr'>anno</span> <span class='ocrx_word' id='word_1_291' title='bbox 431 1884 517 1932; x_wconf 87' lang='lat' dir='ltr'>praesenti</span> <span class='ocrx_word' id='word_1_292' title='bbox 526 1884 621 1922; x_wconf 88' lang='lat' dir='ltr'>nobiscum</span> <span class='ocrx_word' id='word_1_293' title='bbox 631 1884 711 1921; x_wconf 89' lang='lat' dir='ltr'>viventes</span> <span class='ocrx_word' id='word_1_294' title='bbox 720 1885 764 1928; x_wconf 86' lang='lat' dir='ltr'>sani,</span> <span class='ocrx_word' id='word_1_295' title='bbox 774 1884 879 1932; x_wconf 90' lang='lat' dir='ltr'>incolumes,</span> 
     </span>
     <span class='ocr_line' id='line_1_31' title="bbox 142 1941 878 1992; baseline 0.001 -11"><span class='ocrx_word' id='word_1_296' title='bbox 142 1958 162 1981; x_wconf 85' lang='lat' dir='ltr'>ac</span> <span class='ocrx_word' id='word_1_297' title='bbox 176 1944 218 1981; x_wconf 89' lang='lat' dir='ltr'>laeti</span> <span class='ocrx_word' id='word_1_298' title='bbox 231 1943 309 1988; x_wconf 83' lang='lat' dir='ltr'>fuerunt,</span> <span class='ocrx_word' id='word_1_299' title='bbox 322 1941 415 1979; x_wconf 89' lang='lat' dir='ltr'>nobiscum</span> <span class='ocrx_word' id='word_1_300' title='bbox 430 1944 494 1992; x_wconf 88' lang='lat' dir='ltr'>pariter</span> <span class='ocrx_word' id='word_1_301' title='bbox 507 1941 631 1992; x_wconf 84' lang='lat' dir='ltr'>loquebantur,</span> <span class='ocrx_word' id='word_1_302' title='bbox 644 1942 780 1988; x_wconf 87' lang='lat' dir='ltr'>manducabant,</span> <span class='ocrx_word' id='word_1_303' title='bbox 789 1943 878 1991; x_wconf 87' lang='lat' dir='ltr'>bibebant,</span> 
     </span>
     <span class='ocr_line' id='line_1_32' title="bbox 142 1995 889 2053; baseline 0 -13"><span class='ocrx_word' id='word_1_304' title='bbox 142 2013 159 2040; x_wconf 91' lang='lat' dir='ltr'>et</span> <span class='ocrx_word' id='word_1_305' title='bbox 173 2002 287 2047; x_wconf 88' lang='lat' dir='ltr'>laborabant,</span> <span class='ocrx_word' id='word_1_306' title='bbox 301 1995 346 2039; x_wconf 88' lang='lat' dir='ltr'>nibil</span> <span class='ocrx_word' id='word_1_307' title='bbox 359 2003 429 2048; x_wconf 88' lang='lat' dir='ltr'>rninus,</span> <span class='ocrx_word' id='word_1_308' title='bbox 444 2016 496 2052; x_wconf 90' lang='lat' dir='ltr'>quam</span> <span class='ocrx_word' id='word_1_309' title='bbox 514 2003 549 2043; x_wconf 85' lang='lat' dir='ltr'>hoc</span> <span class='ocrx_word' id='word_1_310' title='bbox 566 2016 612 2040; x_wconf 90' lang='lat' dir='ltr'>anno</span> <span class='ocrx_word' id='word_1_311' title='bbox 626 2006 644 2040; x_wconf 79' lang='lat' dir='ltr'>s&#39;e</span> <span class='ocrx_word' id='word_1_312' title='bbox 661 2003 760 2040; x_wconf 86' lang='lat' dir='ltr'>morituros</span> <span class='ocrx_word' id='word_1_313' title='bbox 774 2004 889 2053; x_wconf 58' lang='lat' dir='ltr'>cogitantes„</span> 
     </span>
     <span class='ocr_line' id='line_1_33' title="bbox 141 2060 878 2111; baseline 0.001 -13"><span class='ocrx_word' id='word_1_314' title='bbox 141 2062 192 2106; x_wconf 88' lang='lat' dir='ltr'>Ecce,</span> <span class='ocrx_word' id='word_1_315' title='bbox 206 2061 278 2111; x_wconf 81' lang='lat' dir='ltr'>quando</span> <span class='ocrx_word' id='word_1_316' title='bbox 292 2074 328 2098; x_wconf 95' lang='lat' dir='ltr'>non</span> <span class='ocrx_word' id='word_1_317' title='bbox 341 2060 431 2109; x_wconf 86' lang='lat' dir='ltr'>putabant,</span> <span class='ocrx_word' id='word_1_318' title='bbox 445 2062 493 2099; x_wconf 89' lang='lat' dir='ltr'>venit</span> <span class='ocrx_word' id='word_1_319' title='bbox 506 2074 563 2107; x_wconf 87' lang='lat' dir='ltr'>mors,</span> <span class='ocrx_word' id='word_1_320' title='bbox 577 2063 635 2110; x_wconf 88' lang='lat' dir='ltr'>rapuit</span> <span class='ocrx_word' id='word_1_321' title='bbox 649 2075 686 2108; x_wconf 88' lang='lat' dir='ltr'>eos,</span> <span class='ocrx_word' id='word_1_322' title='bbox 700 2062 797 2111; x_wconf 87' lang='lat' dir='ltr'>statuitque</span> <span class='ocrx_word' id='word_1_323' title='bbox 811 2063 878 2100; x_wconf 82' lang='lat' dir='ltr'>anintas</span> 
     </span>
     <span class='ocr_line' id='line_1_34' title="bbox 141 2120 879 2170; baseline 0 -11"><span class='ocrx_word' id='word_1_324' title='bbox 141 2135 205 2159; x_wconf 87' lang='lat' dir='ltr'>corum</span> <span class='ocrx_word' id='word_1_325' title='bbox 219 2121 240 2158; x_wconf 89' lang='lat' dir='ltr'>ad</span> <span class='ocrx_word' id='word_1_326' title='bbox 253 2120 331 2158; x_wconf 88' lang='lat' dir='ltr'>tribunal</span> <span class='ocrx_word' id='word_1_327' title='bbox 348 2121 436 2158; x_wconf 88' lang='lat' dir='ltr'>tremendi</span> <span class='ocrx_word' id='word_1_328' title='bbox 452 2120 523 2167; x_wconf 88' lang='lat' dir='ltr'>iudicis,</span> <span class='ocrx_word' id='word_1_329' title='bbox 536 2121 566 2170; x_wconf 89' lang='lat' dir='ltr'>qui</span> <span class='ocrx_word' id='word_1_330' title='bbox 580 2120 657 2158; x_wconf 87' lang='lat' dir='ltr'>reddidit</span> <span class='ocrx_word' id='word_1_331' title='bbox 670 2122 766 2170; x_wconf 85' lang='lat' dir='ltr'>unicuique</span> <span class='ocrx_word' id='word_1_332' title='bbox 780 2122 879 2160; x_wconf 89' lang='lat' dir='ltr'>secundum</span> 
     </span>
     <span class='ocr_line' id='line_1_35' title="bbox 141 2180 878 2230; baseline 0.001 -12"><span class='ocrx_word' id='word_1_333' title='bbox 141 2195 194 2230; x_wconf 90' lang='lat' dir='ltr'>opera</span> <span class='ocrx_word' id='word_1_334' title='bbox 208 2194 295 2218; x_wconf 86' lang='lat' dir='ltr'>marmum</span> <span class='ocrx_word' id='word_1_335' title='bbox 309 2192 386 2217; x_wconf 73' lang='lat' dir='ltr'>suatum,</span> <span class='ocrx_word' id='word_1_336' title='bbox 401 2180 445 2217; x_wconf 84' lang='lat' dir='ltr'>Ecce</span> <span class='ocrx_word' id='word_1_337' title='bbox 459 2193 506 2217; x_wconf 79' lang='lat' dir='ltr'>nurse</span> <span class='ocrx_word' id='word_1_338' title='bbox 519 2181 554 2217; x_wconf 86' lang='lat' dir='ltr'>iarn</span> <span class='ocrx_word' id='word_1_339' title='bbox 564 2180 611 2218; x_wconf 92' lang='lat' dir='ltr'>disce</span> <span class='ocrx_word' id='word_1_340' title='bbox 621 2180 695 2217; x_wconf 84' lang='lat' dir='ltr'>fratrum</span> <span class='ocrx_word' id='word_1_341' title='bbox 705 2190 778 2217; x_wconf 91' lang='lat' dir='ltr'>tuorum</span> <span class='ocrx_word' id='word_1_342' title='bbox 790 2181 878 2229; x_wconf 89' lang='lat' dir='ltr'>exemplo,</span> 
     </span>
     <span class='ocr_line' id='line_1_36' title="bbox 140 2236 878 2290; baseline 0.001 -13"><span class='ocrx_word' id='word_1_343' title='bbox 140 2241 227 2289; x_wconf 89' lang='lat' dir='ltr'>quoniam</span> <span class='ocrx_word' id='word_1_344' title='bbox 241 2251 258 2277; x_wconf 91' lang='lat' dir='ltr'>et</span> <span class='ocrx_word' id='word_1_345' title='bbox 271 2250 290 2276; x_wconf 91' lang='lat' dir='ltr'>tu</span> <span class='ocrx_word' id='word_1_346' title='bbox 305 2240 403 2276; x_wconf 86' lang='lat' dir='ltr'>moriturus</span> <span class='ocrx_word' id='word_1_347' title='bbox 417 2253 441 2285; x_wconf 76' lang='lat' dir='ltr'>eS,</span> <span class='ocrx_word' id='word_1_348' title='bbox 451 2249 468 2276; x_wconf 89' lang='lat' dir='ltr'>et</span> <span class='ocrx_word' id='word_1_349' title='bbox 481 2238 556 2277; x_wconf 88' lang='lat' dir='ltr'>forsitan</span> <span class='ocrx_word' id='word_1_350' title='bbox 569 2239 628 2277; x_wconf 79' lang='lat' dir='ltr'>inulto</span> <span class='ocrx_word' id='word_1_351' title='bbox 638 2238 721 2276; x_wconf 90' lang='lat' dir='ltr'>transibis</span> <span class='ocrx_word' id='word_1_352' title='bbox 736 2239 756 2275; x_wconf 88' lang='lat' dir='ltr'>ab</span> <span class='ocrx_word' id='word_1_353' title='bbox 766 2236 801 2284; x_wconf 87' lang='lat' dir='ltr'>hoc</span> <span class='ocrx_word' id='word_1_354' title='bbox 810 2240 878 2290; x_wconf 81' lang='lat' dir='ltr'>rnurrdo</span> 
     </span>
     <span class='ocr_line' id='line_1_37' title="bbox 141 2296 878 2348; baseline 0 -12"><span class='ocrx_word' id='word_1_355' title='bbox 141 2300 200 2345; x_wconf 63' lang='lat' dir='ltr'>citius</span> <span class='ocrx_word' id='word_1_356' title='bbox 216 2296 270 2347; x_wconf 79' lang='lat' dir='ltr'>quam</span> <span class='ocrx_word' id='word_1_357' title='bbox 283 2299 351 2348; x_wconf 85' lang='lat' dir='ltr'>poteris</span> <span class='ocrx_word' id='word_1_358' title='bbox 365 2299 464 2336; x_wconf 85' lang='lat' dir='ltr'>aestimare.</span> <span class='ocrx_word' id='word_1_359' title='bbox 478 2299 584 2348; x_wconf 84' lang='lat' dir='ltr'>Resipiscito</span> <span class='ocrx_word' id='word_1_360' title='bbox 598 2300 659 2344; x_wconf 86' lang='lat' dir='ltr'>miser,</span> <span class='ocrx_word' id='word_1_361' title='bbox 679 2298 750 2347; x_wconf 88' lang='lat' dir='ltr'>quando</span> <span class='ocrx_word' id='word_1_362' title='bbox 768 2299 802 2336; x_wconf 91' lang='lat' dir='ltr'>iam</span> <span class='ocrx_word' id='word_1_363' title='bbox 820 2308 878 2348; x_wconf 86' lang='lat' dir='ltr'>potes,</span> 
     </span>
     <span class='ocr_line' id='line_1_38' title="bbox 140 2357 878 2408; baseline 0 -12"><span class='ocrx_word' id='word_1_364' title='bbox 140 2373 172 2408; x_wconf 87' lang='lat' dir='ltr'>age</span> <span class='ocrx_word' id='word_1_365' title='bbox 186 2358 316 2408; x_wconf 90' lang='lat' dir='ltr'>poenitentiam</span> <span class='ocrx_word' id='word_1_366' title='bbox 329 2358 347 2394; x_wconf 93' lang='lat' dir='ltr'>in</span> <span class='ocrx_word' id='word_1_367' title='bbox 361 2368 442 2406; x_wconf 91' lang='lat' dir='ltr'>tempore</span> <span class='ocrx_word' id='word_1_368' title='bbox 460 2359 539 2395; x_wconf 87' lang='lat' dir='ltr'>sanitatis</span> <span class='ocrx_word' id='word_1_369' title='bbox 555 2367 606 2402; x_wconf 88' lang='lat' dir='ltr'>tuae,</span> <span class='ocrx_word' id='word_1_370' title='bbox 625 2357 696 2407; x_wconf 87' lang='lat' dir='ltr'>quando</span> <span class='ocrx_word' id='word_1_371' title='bbox 715 2357 767 2395; x_wconf 89' lang='lat' dir='ltr'>iudex</span> <span class='ocrx_word' id='word_1_372' title='bbox 783 2358 878 2407; x_wconf 89' lang='lat' dir='ltr'>pollicetur</span> 
     </span>
     <span class='ocr_line' id='line_1_39' title="bbox 139 2416 877 2464; baseline 0.001 -10"><span class='ocrx_word' id='word_1_373' title='bbox 139 2417 288 2464; x_wconf 86' lang='lat' dir='ltr'>misericordiam,</span> <span class='ocrx_word' id='word_1_374' title='bbox 302 2427 319 2454; x_wconf 87' lang='lat' dir='ltr'>et</span> <span class='ocrx_word' id='word_1_375' title='bbox 332 2418 370 2454; x_wconf 90' lang='lat' dir='ltr'>noli</span> <span class='ocrx_word' id='word_1_376' title='bbox 383 2416 452 2455; x_wconf 87' lang='lat' dir='ltr'>differre</span> <span class='ocrx_word' id='word_1_377' title='bbox 466 2417 533 2455; x_wconf 92' lang='lat' dir='ltr'>bonum</span> <span class='ocrx_word' id='word_1_378' title='bbox 542 2417 650 2455; x_wconf 89' lang='lat' dir='ltr'>hodiernum</span> <span class='ocrx_word' id='word_1_379' title='bbox 661 2417 678 2454; x_wconf 93' lang='lat' dir='ltr'>in</span> <span class='ocrx_word' id='word_1_380' title='bbox 689 2416 762 2454; x_wconf 91' lang='lat' dir='ltr'>dubium</span> <span class='ocrx_word' id='word_1_381' title='bbox 772 2419 877 2455; x_wconf 84' lang='lat' dir='ltr'>crastinum.</span> 
     </span>
     <span class='ocr_line' id='line_1_40' title="bbox 140 2476 877 2527; baseline -0.001 -12"><span class='ocrx_word' id='word_1_382' title='bbox 140 2478 243 2527; x_wconf 83' lang='lat' dir='ltr'>Consurge,</span> <span class='ocrx_word' id='word_1_383' title='bbox 257 2478 284 2514; x_wconf 92' lang='lat' dir='ltr'>vel</span> <span class='ocrx_word' id='word_1_384' title='bbox 301 2489 348 2514; x_wconf 89' lang='lat' dir='ltr'>nunc</span> <span class='ocrx_word' id='word_1_385' title='bbox 365 2489 404 2515; x_wconf 86' lang='lat' dir='ltr'>sero</span> <span class='ocrx_word' id='word_1_386' title='bbox 422 2478 493 2515; x_wconf 89' lang='lat' dir='ltr'>tandem</span> <span class='ocrx_word' id='word_1_387' title='bbox 507 2476 527 2513; x_wconf 87' lang='lat' dir='ltr'>ab</span> <span class='ocrx_word' id='word_1_388' title='bbox 541 2478 612 2525; x_wconf 86' lang='lat' dir='ltr'>ignavia</span> <span class='ocrx_word' id='word_1_389' title='bbox 629 2476 765 2526; x_wconf 86' lang='lat' dir='ltr'>negligentioris</span> <span class='ocrx_word' id='word_1_390' title='bbox 779 2487 877 2515; x_wconf 86' lang='lat' dir='ltr'>transactae</span> 
     </span>
     <span class='ocr_line' id='line_1_41' title="bbox 140 2537 877 2587; baseline -0.001 -12"><span class='ocrx_word' id='word_1_391' title='bbox 140 2539 289 2584; x_wconf 83' lang='lat' dir='ltr'>conversationis,</span> <span class='ocrx_word' id='word_1_392' title='bbox 304 2537 322 2574; x_wconf 92' lang='lat' dir='ltr'>in</span> <span class='ocrx_word' id='word_1_393' title='bbox 335 2551 369 2586; x_wconf 85' lang='lat' dir='ltr'>qua</span> <span class='ocrx_word' id='word_1_394' title='bbox 383 2538 468 2575; x_wconf 89' lang='lat' dir='ltr'>hactenus</span> <span class='ocrx_word' id='word_1_395' title='bbox 482 2537 556 2585; x_wconf 90' lang='lat' dir='ltr'>turpiter</span> <span class='ocrx_word' id='word_1_396' title='bbox 570 2537 708 2584; x_wconf 86' lang='lat' dir='ltr'>computruisti;</span> <span class='ocrx_word' id='word_1_397' title='bbox 719 2546 736 2574; x_wconf 92' lang='lat' dir='ltr'>et</span> <span class='ocrx_word' id='word_1_398' title='bbox 745 2551 825 2587; x_wconf 87' lang='lat' dir='ltr'>expurga</span> <span class='ocrx_word' id='word_1_399' title='bbox 835 2550 877 2574; x_wconf 87' lang='lat' dir='ltr'>con-</span> 
     </span>
     <span class='ocr_line' id='line_1_42' title="bbox 139 2595 876 2646; baseline -0.003 -12"><span class='ocrx_word' id='word_1_400' title='bbox 139 2599 232 2635; x_wconf 89' lang='lat' dir='ltr'>scientiam</span> <span class='ocrx_word' id='word_1_401' title='bbox 246 2608 295 2634; x_wconf 88' lang='lat' dir='ltr'>tuam</span> <span class='ocrx_word' id='word_1_402' title='bbox 309 2597 329 2634; x_wconf 92' lang='lat' dir='ltr'>ab</span> <span class='ocrx_word' id='word_1_403' title='bbox 343 2598 393 2634; x_wconf 91' lang='lat' dir='ltr'>omni</span> <span class='ocrx_word' id='word_1_404' title='bbox 406 2598 475 2634; x_wconf 90' lang='lat' dir='ltr'>macula</span> <span class='ocrx_word' id='word_1_405' title='bbox 484 2598 561 2645; x_wconf 81' lang='lat' dir='ltr'>peccati3</span> <span class='ocrx_word' id='word_1_406' title='bbox 575 2595 671 2644; x_wconf 86' lang='lat' dir='ltr'>lachrymis</span> <span class='ocrx_word' id='word_1_407' title='bbox 682 2606 758 2646; x_wconf 84' lang='lat' dir='ltr'>exterge,</span> <span class='ocrx_word' id='word_1_408' title='bbox 769 2596 817 2646; x_wconf 88' lang='lat' dir='ltr'>quod</span> <span class='ocrx_word' id='word_1_409' title='bbox 829 2609 876 2633; x_wconf 87' lang='lat' dir='ltr'>com·</span> 
     </span>
     <span class='ocr_line' id='line_1_43' title="bbox 139 2655 875 2705; baseline -0.001 -12"><span class='ocrx_word' id='word_1_410' title='bbox 139 2658 203 2694; x_wconf 90' lang='lat' dir='ltr'>misisti</span> <span class='ocrx_word' id='word_1_411' title='bbox 217 2657 290 2703; x_wconf 77' lang='lat' dir='ltr'>mamm,</span> <span class='ocrx_word' id='word_1_412' title='bbox 299 2667 316 2694; x_wconf 88' lang='lat' dir='ltr'>et</span> <span class='ocrx_word' id='word_1_413' title='bbox 325 2658 360 2694; x_wconf 92' lang='lat' dir='ltr'>iam</span> <span class='ocrx_word' id='word_1_414' title='bbox 372 2657 455 2705; x_wconf 89' lang='lat' dir='ltr'>deinceps</span> <span class='ocrx_word' id='word_1_415' title='bbox 465 2657 504 2694; x_wconf 89' lang='lat' dir='ltr'>vive</span> <span class='ocrx_word' id='word_1_416' title='bbox 513 2657 623 2702; x_wconf 87' lang='lat' dir='ltr'>innocenter,</span> <span class='ocrx_word' id='word_1_417' title='bbox 633 2666 652 2692; x_wconf 90' lang='lat' dir='ltr'>ut</span> <span class='ocrx_word' id='word_1_418' title='bbox 662 2655 747 2694; x_wconf 88' lang='lat' dir='ltr'>condecet</span> <span class='ocrx_word' id='word_1_419' title='bbox 757 2656 875 2694; x_wconf 87' lang='lat' dir='ltr'>monachum.</span> 
     </span>
    </p>
   </div>
   <div class='ocr_carea' id='block_1_5' title="bbox 0 0 988 3023">
    <p class='ocr_par' dir='ltr' id='par_1_5' title="bbox 0 0 988 3023">
     <span class='ocr_line' id='line_1_44' title="bbox 0 0 988 3023; baseline 0 2"><span class='ocrx_word' id='word_1_420' title='bbox 0 0 988 3023; x_wconf 95' lang='lat' dir='ltr'> </span> 
     </span>
    </p>
   </div>
  </div>
 </body>
</html>
