1968 3023
373 204 375 206 ι
427 148 483 186 Setino
497 148 511 185 l
797 159 830 194 179

94 235 131 272 sine
145 231 235 282 operibus,
246 232 297 280 quasi
307 244 370 280 corpus
380 232 417 268 sine
426 232 489 279 spiritu
499 241 598 274 mortuum,
608 230 656 279 qnod
670 242 679 266 a
693 230 777 267 vivorum
789 227 830 265 sub-

93 295 149 332 latum
163 291 287 341 conspectibus
301 290 414 329 absconditur
427 292 444 329 in
457 291 580 341 sepulchrum.
590 291 608 328 Si
622 290 666 328 bene
678 289 741 335 credis,
752 299 769 327 et
783 289 830 326 male

95 354 145 399 vivis,
160 353 233 401 proprio
247 361 264 388 te
277 350 338 401 gladio
355 351 435 400 perimis:
450 353 491 400 quia
504 351 568 388 scienti
586 350 652 389 bonum
666 360 731 387 ernon
750 349 831 395 facienti,¹

93 423 183 462 peccatum
199 421 225 447 est
239 410 270 448 illi.
284 411 349 448 Cavete
363 410 424 449 fratres
438 413 480 458 mei,
494 424 516 447 ne
530 423 584 460 quem
602 423 679 447 errorem
698 410 795 447 admittatis
811 410 829 446 in

94 472 132 516 fide,
146 482 163 508 et
177 481 236 507 curate
250 482 371 518 summopere,
386 480 405 507 ut
418 470 465 507 nulla
478 470 502 507 sit
515 471 594 520 nequitia
608 471 625 506 in
639 470 747 519 operatione.
762 469 829 518 Sequa-

93 532 136 569 mini
150 529 209 575 fidem,
221 542 274 577 quam
288 528 340 567 nobis
353 540 413 567 sancta
427 530 540 567 commendat
555 530 639 575 ecclesia,
654 529 700 579 agite
710 529 770 572 vitam,
781 530 828 566 sicut

94 589 208 638 Euangelium
218 589 310 638 praecipit,
321 600 337 626 et
346 602 409 626 norma
418 589 533 627 coenobitica.
541 590 611 626 Deinde
621 602 670 637 spent
680 588 759 626 habeatis
769 590 787 625 in
794 589 829 625 Dei

92 649 225 687 miserationem
235 650 285 685 ornni
295 658 376 697 ternpore
387 649 510 695 certissimam,
522 648 552 686 sed
562 661 652 698 nunquam
661 662 670 685 a
679 648 744 685 timore
753 648 829 685 Domini

93 708 172 747 alienam.
182 708 233 756 Spes,
244 716 270 744 est
280 708 382 744 futurorum
395 708 484 745 bonorum
493 720 541 745 certa
555 721 586 756 per
599 709 674 758 gratiam
683 708 784 744 miserentis
794 708 828 744 Dei

92 768 196 818 expectatio,
206 779 223 804 et
236 768 316 804 merendi
325 781 356 816 per
366 768 454 821 charitatis
463 769 568 805 exercitium
578 769 655 805 iustitiae
664 780 755 813 coronant,
763 767 828 804 sollici·

92 827 140 865 tudo,
150 828 184 876 Spe
193 838 219 863 est
230 837 277 864 certa
286 828 385 876 expectatio
395 827 463 864 luunae
472 827 596 866 beatitudinis:
611 841 663 876 quant
675 828 731 876 gratia
740 827 774 863 Dei
785 840 828 876 ope-

91 899 139 925 ratur
146 888 163 924 in
171 886 221 923 nobis
230 889 326 924 comitante
334 886 437 924 rectitudine
445 886 501 924 bonae
510 888 612 925 voluntatis.
621 888 664 939 Spes
672 898 703 933 est,
711 900 744 936 qua
752 889 791 936 quis
799 901 828 924 ue-

92 947 129 984 nire
138 946 219 983 advitam
227 956 310 983 aeternae
318 946 407 983 felicitatis
414 957 477 994 sperat,
487 960 541 995 quant
549 946 642 993 desiderat,
650 958 666 983 et
674 946 762 983 mediante
770 947 827 995 gratia

89 1007 128 1052 Dei,
142 1018 189 1042 snam
205 1006 258 1042 etiam
273 1001 383 1044 voluntatem
397 1007 414 1043 in
428 1019 522 1042 occursum
537 1006 635 1054 componit,
649 1016 665 1043 et
679 1005 785 1054 aptatSpes
800 1017 826 1042 est

92 1066 179 1102 bonorum
193 1066 291 1102 arduorum
301 1065 436 1112 ftuuroruta,et
449 1064 568 1113 possibilium,
579 1063 642 1114 quibus
651 1077 705 1102 nemo
714 1074 773 1114 sperat
787 1078 827 1102 con-

92 1125 171 1161 trarium.
181 1124 244 1173 Neque
258 1125 306 1161 enim
320 1124 386 1161 malum
397 1124 434 1173 quis
444 1134 508 1173 sperat,
518 1137 577 1173 neque
590 1124 635 1170 leve,
645 1137 701 1173 neque
715 1123 762 1173 quod
776 1136 826 1172 prae-

91 1198 130 1221 sens
144 1194 175 1229 est,
184 1185 221 1221 sive
231 1185 357 1233 praeteritutn;
370 1182 402 1221 nec
411 1185 514 1232 ignoramus
528 1197 578 1233 spem
588 1196 624 1221 non
634 1197 671 1220 esse
681 1176 826 1232 impossibilium.

90 1244 133 1291 Spes
147 1242 255 1280 moderatrix
274 1242 354 1281 laborum
369 1255 395 1280 est
409 1244 497 1289 omniurn,
513 1254 529 1280 et
543 1244 594 1280 unica
613 1243 720 1280 consolatrix
734 1244 751 1279 in
765 1241 826 1279 medio

91 1302 231 1339 tribulationum.
241 1302 286 1351 Spes
300 1304 348 1339 enim
362 1302 463 1341 futurorum
477 1302 570 1340 bonorum
580 1302 701 1339 laborantibus
711 1315 742 1352 pro
752 1302 825 1340 Christo

90 1363 108 1399 in
121 1362 153 1398 hac
166 1363 202 1398 vita
215 1363 261 1411 parit
275 1363 361 1411 requiem,
375 1363 421 1399 sicut
434 1363 451 1399 in
465 1376 522 1412 agone
536 1360 643 1399 certantibus
661 1363 730 1412 mitigat
744 1361 825 1400 dolorem

90 1420 184 1458 vulnerum
202 1433 280 1458 coronae
298 1423 395 1471 expectatio
414 1435 444 1471 per
462 1424 566 1460 continuam
584 1422 683 1459 victoriam.
697 1422 740 1471 Spes
757 1422 775 1458 in
788 1432 825 1460 tor-

90 1481 154 1518 mentis
164 1480 255 1531 roboravit
265 1490 360 1529 martyres,
375 1491 391 1518 et
404 1482 445 1519 fecit
458 1495 488 1519 eos
502 1482 520 1518 in
534 1481 600 1518 virtute
610 1480 677 1518 Christi
691 1479 773 1518 omnibus
787 1494 825 1530 per-

89 1540 199 1577 secutoribus
217 1540 308 1578 fortiores.
321 1541 364 1590 Spes
382 1551 463 1578 aeternae
480 1540 595 1578 beatitudinis
613 1535 705 1579 conseruat
722 1541 823 1587 ecclesiam,

89 1610 105 1636 et
119 1600 166 1637 dedit
179 1601 244 1637 sanctis
259 1600 397 1644 confessoribus,
411 1610 463 1649 atque
476 1600 574 1649 virginibus
588 1613 648 1637 veram
663 1601 680 1637 in
694 1600 765 1637 Christo
782 1601 824 1638 cha-

88 1659 163 1696 ritatem.
177 1659 220 1707 Spes
234 1659 324 1697 deiectum
338 1673 420 1697 moerore
434 1660 503 1697 fortiter
519 1661 572 1708 erigit
590 1660 669 1697 animum
674 1675 679 1706 ;
693 1670 710 1696 et
723 1669 790 1709 quanto
804 1673 822 1696 se

89 1731 119 1766 per
128 1732 207 1756 amorem
218 1719 271 1756 altius
281 1720 378 1766 sustulerit,
388 1730 436 1757 tanto
446 1722 506 1757 minus
516 1721 606 1757 contraria
615 1720 667 1756 huius
681 1720 743 1757 mundi
756 1721 821 1757 sentit:

88 1778 151 1815 Beatus
165 1780 198 1824 vir,
209 1780 239 1828 qui
254 1779 327 1817 conlidit
341 1782 358 1818 iu
372 1781 456 1826 Domino,
466 1780 506 1829 quia
516 1793 556 1828 spes
566 1793 602 1817 uon
612 1779 712 1825 confundit,
723 1780 769 1816 sicut
783 1793 822 1817 sau-

89 1846 127 1873 ctus
140 1839 222 1886 promisit
236 1839 343 1886 Apostolus,
358 1852 391 1887 qua
407 1838 452 1892 salvi
470 1838 511 1876 facti
530 1852 598 1876 sumus.
612 1838 637 1874 Ut
651 1849 710 1875 autem
728 1851 768 1886 spes
786 1851 823 1876 non

851 294 894 320 Iacob,
903 302 916 327 a.

848 833 881 866 Spes
891 832 925 866 quta

844 1784 880 1810 Hier.
888 1792 901 1818 7.

844 1820 883 1845 Rom.
894 1825 905 1851 ς.

844 1854 883 1879 Rom.
893 1853 905 1879 8.

88 1908 168 1945 erumpat
181 1897 199 1934 in
212 1900 385 1946 praesumptionem,
400 1901 454 1936 timor
467 1901 542 1936 Domini
559 1899 580 1936 ad
594 1898 669 1936 salutem
687 1898 737 1935 nobis
751 1909 822 1936 estne-
869 1937 872 1939 ,

89 1957 185 2001 cessarius;
200 1966 219 2009 ut
233 1970 291 2005 quern,
306 1958 361 2005 pium,
370 1967 387 1994 et
401 1958 536 1996 misericordem
550 1958 644 1999 credimus,
654 1959 722 1994 iustum
735 1958 795 2002 etiam,
806 1969 822 1994 et

88 2023 156 2051 rectum
169 2028 205 2052 non
219 2015 326 2054 dubitemus.
341 2018 387 2053 Dicit
401 2017 447 2054 enirn
462 2017 575 2068 beatissimus
587 2018 633 2065 Papa
647 2018 749 2066 Gregorius.
763 2017 822 2055 Nobis

87 2071 131 2109 nihil
144 2076 230 2121 securius,
245 2089 299 2125 quam
313 2076 345 2112 sub
359 2089 389 2124 spe
403 2078 470 2123 timere,
483 2090 506 2113 ne
519 2078 590 2113 incauta
604 2071 697 2121 mens,vel
711 2077 821 2125 desperando

88 2145 106 2169 se
119 2134 136 2170 in
150 2133 259 2182 profundum
272 2136 359 2173 vitiorum
376 2137 452 2183 deiiciat,
465 2136 492 2174 vel
511 2136 613 2186 extollendo
627 2136 712 2174 devdonis
731 2149 821 2185 praesum-

87 2200 150 2239 ptuosa
163 2204 207 2231 ruat.
221 2194 276 2240 Nam,
291 2205 357 2243 quanto
373 2205 413 2232 ante
426 2195 488 2233 oculos
502 2195 579 2233 districti
592 2194 655 2232 iudicis
674 2194 705 2231 sub
719 2208 749 2244 spe
763 2195 821 2232 humi·

87 2249 120 2286 lius
133 2252 213 2300 trepidat,
227 2262 277 2290 tanto
291 2254 309 2289 in
323 2254 353 2291 illo
367 2254 456 2291 robustius
469 2265 509 2292 stat.
523 2255 588 2292 Timor
601 2256 634 2292 Dei
648 2264 726 2291 mentem
741 2256 821 2304 corrigit,

87 2318 103 2344 et
118 2322 178 2357 puram
192 2310 212 2347 ab
226 2313 277 2348 otnui
291 2313 358 2349 malitia
373 2312 455 2351 custodit.
465 2314 530 2351 Timor
540 2314 614 2350 Domini
628 2315 698 2351 initium
712 2324 738 2350 est
752 2315 821 2363 sapien-

86 2368 120 2403 tiae
128 2381 135 2413 ;Ἰ
147 2370 232 2417 quoniam
246 2371 264 2406 in
278 2371 305 2407 xia
319 2372 352 2408 Dei
366 2385 374 2408 a
388 2374 451 2409 timore
465 2374 556 2421 incipitur,
568 2382 587 2409 ut
597 2373 681 2420 paulatim
695 2373 716 2410 ad
730 2373 821 2410 charitatis

86 2425 208 2464 fortitudinem
222 2431 343 2477 perveniatur.
353 2430 417 2468 Timor
426 2432 500 2469 Domini
514 2434 607 2480 componit
621 2434 734 2478 monachum,
748 2442 766 2468 et
780 2432 821 2469 facit

87 2497 127 2521 eum
137 2487 154 2522 in
164 2486 275 2526 observantia
290 2491 375 2538 regularis
387 2491 488 2539 discipliuae
502 2492 610 2529 studiosum.
620 2491 685 2529 Timor
694 2492 767 2529 Domini
782 2505 822 2529 cus-

86 2543 131 2580 todit
144 2546 231 2593 regulam,
245 2558 263 2584 et
276 2561 334 2586 servat
348 2563 407 2587 veram
423 2553 495 2596 utentis,
510 2561 527 2588 et
542 2551 622 2600 corporis
639 2552 741 2599 puritatem.
755 2552 822 2590 Timor

86 2602 158 2640 Domini
171 2606 216 2643 nihil
230 2620 300 2654 cortun,
311 2622 355 2657 quae
369 2620 460 2658 praecepta
474 2621 520 2654 sunt,
532 2610 613 2660 negligit,
626 2610 657 2647 sed
671 2612 730 2648 omnia
744 2612 822 2649 sollicite

85 2662 166 2700 custodit
177 2665 243 2702 Timor
252 2667 327 2705 Domini
337 2669 405 2707 nullum
419 2669 496 2708 admittit
510 2671 577 2714 ocitnn,
588 2669 619 2707 sed
629 2672 714 2708 continuo
723 2682 822 2721 occupatur

873 2012 930 2039 Timor

842 2056 872 2088 spes
878 2055 903 2073 non
908 2048 929 2074 de-

842 2089 891 2109 statuat.

843 2669 876 2696 Psal.
887 2678 915 2696 tro.
