1968 3023
179 175 200 213 28
295 216 297 220 ,
317 174 343 213 Da
356 175 429 220 lectione,
443 181 458 213 at
470 173 522 212 studio
536 173 631 212 diuinarum
643 174 769 225 scripturaram.

176 253 197 291 ad
210 265 271 291 veram
285 255 379 292 scientiam
392 254 466 305 legendo
480 254 544 303 cupitis
553 254 652 303 pervenire,
663 267 737 292 omnem
746 265 806 292 curate
815 254 833 292 in
842 254 910 304 primis,

175 321 192 350 et
205 313 301 351 elationem
314 314 412 364 superbiae,
426 324 442 352 et
455 313 554 351 temeritate
566 313 650 362 perfidiae
664 313 760 362 deponere,
769 327 789 351 ac
802 313 866 351 deinde
880 327 910 351 cu-

175 371 254 408 biculum
264 373 323 410 cordis
331 374 386 410 vestri
394 371 415 409 ab
425 372 474 410 omui
483 371 596 409 immunditia
609 372 706 409 carnalium
719 371 832 421 voluptatum
846 385 909 421 expur-

174 444 221 480 gare.
235 431 284 468 Deus
298 432 352 479 enim,
365 441 384 469 ut
397 433 421 468 ait
433 432 520 480 scriptura
534 432 624 475 canonica,
633 430 714 479 superbis
727 432 801 477 resistit,
812 432 909 469 humilibus

88 503 153 537 ancona.
173 500 233 528 autern
251 490 280 528 dat
297 493 378 540 gratiam.
391 491 449 528 Nemo
462 489 559 538 superbus,
572 490 638 534 elatus,
652 503 745 540 arrogans,
760 499 777 527 et
794 492 908 539 temerarius,

173 562 227 587 nertio
241 551 315 588 carnalis
327 549 393 598 animo,
404 549 512 596 luxuriosus,
521 549 548 586 vel
561 550 652 599 inquietus
665 549 687 586 ad
700 549 778 587 studium
792 563 852 588 sacrae
865 553 907 589 scri-

173 619 235 659 pturae
248 609 324 647 habetur
336 609 419 653 idoneus,
432 608 463 646 sed
476 608 547 646 humilis
561 608 663 654 dumtaxat,
678 610 737 654 mitis,
750 620 861 656 mansuetus,
875 625 907 660 pu-

173 668 227 713 dicuS,
243 680 299 706 castus
313 682 393 718 corpore,
407 677 425 706 et
437 678 497 705 ruente
510 668 622 717 tranquillus.
636 668 683 704 Hinc
698 669 775 717 Prosper
788 670 806 707 iu
819 671 907 718 epigram-

172 738 220 765 mate
234 727 282 766 dicit:
296 727 379 766 Mandata
392 728 425 765 Dei
438 728 512 764 scrutari
526 728 559 764 nisi
571 727 630 776 quieta
639 739 691 764 melis
703 740 741 764 non
754 738 820 777 potest.
831 729 855 765 Ut
864 741 907 778 ergo

172 789 276 837 religiosum
289 798 389 825 exerceatur
397 787 482 830 studium,
491 786 588 823 abiicienda
597 786 705 835 suntiurgia
718 787 844 835 malignorum.
853 788 906 825 scru-

171 849 204 885 tari
217 847 277 896 legem
289 851 365 897 'possunt
378 858 467 896 utcunque
481 847 542 895 quieti,
555 847 570 883 si
584 846 647 882 mundi
664 859 673 882 a
690 847 765 895 strepitu
783 845 837 883 libera
853 848 906 885 corda

170 917 240 944 vacent.
255 907 279 943 Ut
292 920 342 945 utens
356 919 399 956 ergo
408 907 441 955 plis
450 907 513 943 studiis
524 907 593 943 intenta
601 906 679 949 iuvetur,
688 906 754 953 praelia
763 906 833 943 divinus
843 919 906 944 carnea

170 966 228 1003 vincat
242 979 297 1003 antor.
312 967 357 1003 Nam
371 966 457 1015 templum
468 966 541 1003 Domini
554 978 585 1015 per
599 978 649 1002 satra
662 966 732 1002 silentia
745 967 813 1011 crescit,
823 977 839 1003 et
853 969 905 1005 tacite

170 1027 244 1063 struitur
261 1039 298 1063 non
312 1027 380 1062 ruitura
397 1025 466 1062 domus¹
480 1025 570 1063 ltlundatis
587 1027 641 1075 igitur
657 1026 730 1070 animis,
744 1036 761 1062 et
775 1027 828 1064 corde
840 1028 858 1064 in
870 1028 905 1065 Dei

170 1099 230 1123 amore
245 1095 359 1134 compuncto,
373 1094 426 1135 atque
435 1086 453 1123 in
462 1098 504 1123 vera
513 1086 620 1123 contritione
633 1085 729 1123 humiliato
738 1086 760 1122 ad
769 1086 848 1124 studium
861 1089 904 1125 scri-

169 1156 263 1195 pturarum
276 1146 373 1194 procedite,
387 1146 427 1194 quia
440 1158 477 1182 non
490 1145 597 1182 illuminabit
612 1157 644 1182 vos
657 1145 756 1189 Dominus,
770 1146 804 1182 nisi
817 1145 838 1183 ab
854 1149 904 1184 omui

96 1213 126 1247 Sap,
137 1223 148 1240 ι,
168 1206 217 1253 prius
231 1204 293 1241 lecerit
306 1204 399 1254 iniquitate
412 1215 503 1253 purgatos.
516 1205 597 1253 Nauque,
612 1216 631 1240 ut
643 1205 730 1252 scriptura
748 1206 786 1254 ipsa
799 1205 850 1250 dicit,
864 1219 904 1255 per-

168 1276 229 1301 versae
242 1264 360 1312 cogitationes
373 1273 455 1312 separant
468 1264 532 1309 aDeo,
543 1263 618 1312 probata
631 1273 691 1300 autem
702 1266 761 1320 pirrus
775 1266 848 1314 corripit
861 1267 903 1302 insi-

167 1323 248 1372 pientes,
261 1323 347 1372 quoniam
359 1323 377 1358 in
391 1322 497 1359 malevolam
514 1323 592 1359 animam
609 1335 646 1359 non
663 1322 744 1360 introibit
762 1324 856 1372 sapientia,
870 1338 903 1363 nec

168 1381 253 1419 habitabit
266 1383 283 1418 iu
297 1394 371 1430 corpore
385 1381 456 1418 subdito
472 1386 558 1429 peccatis:
571 1382 612 1430 quia
626 1382 699 1429 spiritus
714 1391 786 1418 sanctus
799 1382 902 1431 disciplinae

166 1441 240 1490 effugiet
253 1440 321 1487 fictum,
334 1450 351 1477 et
364 1439 432 1477 auferet
441 1453 460 1476 se
469 1453 479 1476 a
488 1440 631 1489 cogitationibus,
641 1452 686 1489 quae
699 1451 739 1477 sunt
752 1440 790 1476 sine
803 1442 901 1480 intellectu.

165 1501 244 1550 Ideoque
257 1502 345 1537 orandum
358 1499 410 1537 nobis
423 1510 450 1536 est
464 1512 504 1536 cum
518 1511 580 1537 sancto
594 1500 651 1536 David
665 1499 743 1536 crebrius
757 1501 778 1537 ad
793 1495 910 1539 Dominum:¹

79 1575 114 1601 usa.
125 1582 144 1609 5⁰1
165 1562 201 1598 Cor
214 1560 302 1597 mundum
313 1550 356 1596 ¹crea
368 1561 387 1596 in
400 1571 429 1595 me
443 1560 499 1604 Deus,
514 1568 531 1596 et
544 1560 627 1608 spiritum
640 1568 710 1596 tectum
728 1560 794 1596 innova
810 1561 828 1597 iu
845 1562 900 1598 visce-

164 1619 212 1657 ribus
225 1619 275 1656 meis.
289 1619 348 1657 Nemo
362 1619 409 1655 enim
423 1630 480 1655 sacras
494 1619 528 1655 Dei
541 1620 638 1667 scripturas
651 1618 718 1655 utiliter
731 1618 826 1667 intelligit,
839 1621 869 1668 qui
882 1632 901 1657 se

164 1680 181 1717 in
194 1690 233 1717 toto
247 1679 300 1715 corde
314 1691 346 1715 suo
360 1678 382 1715 ad
390 1679 489 1715 Dominum
502 1690 534 1727 per
546 1679 647 1728 potentiam
660 1691 696 1715 non
710 1679 803 1715 convertit.
816 1679 899 1729 Ideoque,

164 1741 178 1776 si
191 1739 245 1776 vultis
259 1738 319 1775 divina
336 1738 406 1788 eloquia
423 1748 440 1774 et
456 1747 512 1784 recte,
526 1747 543 1774 et
560 1736 653 1774 salubriter
671 1738 780 1787 intelligere,
794 1751 865 1776 summo
881 1741 899 1777 iu

163 1800 226 1849 primis
240 1807 300 1835 curate
312 1797 377 1842 studio,
391 1798 468 1835 mundos
481 1810 514 1835 vos
528 1797 548 1834 ab
563 1799 613 1834 omui
626 1796 726 1845 pollutione
743 1796 818 1846 peccati
826 1812 859 1848 pro
872 1802 899 1837 vi·

163 1859 212 1897 ribus
230 1857 324 1895 custodire.
343 1859 384 1895 Non
401 1870 445 1902 vos,
462 1869 533 1906 precor,
547 1856 620 1893 seducat
637 1857 750 1906 quortmdam
768 1860 899 1897 momtcborum

162 1932 238 1957 vaesana
252 1917 335 1963 stultitia,
350 1919 381 1967 qui
393 1930 444 1954 suam
461 1917 582 1965 ignorantiam
599 1917 641 1953 trito
658 1927 745 1953 conantur
758 1929 842 1955 excusare
857 1932 898 1968 pro·

70 1989 86 2015 nt
95 1997 141 2016 moaa-
162 1979 229 2023 verbio,
244 1977 328 2014 dicentes:
336 1977 365 2014 Ad
374 1976 416 2025 quid
425 1974 475 2013 nobis
489 1976 563 2013 scientia
576 1977 712 2024 scripturarum,
722 1977 752 2026 qui
761 1978 898 2025 praedicationis

52 2023 85 2085 {iliis
95 2033 141 2086 §gij
161 2039 231 2076 nullum
250 2036 335 2073 habemus
349 2035 437 2073 officium?
451 2036 489 2071 Viri
506 2036 591 2084 sapientis
608 2035 735 2084 attnplettimur
748 2036 852 2084 consilium,
867 2040 897 2088 qui

52 2095 140 2156 ssfflfflsffll
162 2099 204 2137 dicit
220 2098 238 2134 in
255 2095 300 2132 libro
314 2093 463 2132 Proverbiorum:
477 2094 515 2137 Qui
531 2093 611 2131 ambulat
627 2094 738 2145 simpliciter,
752 2094 829 2132 ambulat
843 2098 897 2134 coufi-

125 2148 128 2156 ¹
161 2158 228 2195 denter.
242 2155 311 2192 Sufficit
324 2152 375 2190 nobis
389 2153 491 2201 simpliciter
504 2153 576 2189 vivere:
590 2152 675 2200 quoniam
688 2166 749 2189 servus
762 2155 820 2192 sciens
833 2156 897 2194 volun-

70 2228 139 2255 Prntm.
160 2226 216 2255 tatem
225 2214 299 2252 Domini
313 2214 340 2249 sui
346 2242 351 2259 ,
366 2222 383 2249 et
396 2225 431 2249 non
445 2211 511 2248 l'aciens
529 2211 617 2261 vapulabit
633 2211 690 2260 plagis
708 2212 779 2250 rtiultis:
793 2214 823 2262 qui
836 2225 896 2253 autem

78 2291 109 2319 tac,
119 2301 139 2320 12,
159 2290 197 2314 non
210 2275 304 2324 cognovit,
320 2282 337 2310 et
350 2272 440 2309 commisit
453 2270 506 2319 digna
518 2270 581 2320 plagis,
594 2270 684 2318 vapulabit
696 2272 763 2320 paucis.
777 2273 794 2310 O
807 2273 864 2321 stulti,
878 2284 896 2312 et

158 2335 275 2387 perditissimi
292 2341 385 2382 petrones,
399 2332 429 2381 qui
446 2332 538 2367 scientiam
555 2331 651 2367 salutarem
668 2333 795 2379 contemnitis,
812 2344 828 2370 et
844 2335 895 2382 igno·

158 2397 234 2434 tantiam
247 2394 347 2431 divinarum
364 2393 491 2439 scripturarum
508 2391 578 2438 potius,
597 2403 650 2440 quam
667 2390 804 2439 intelligentiam
821 2395 893 2431 amatis:

159 2454 244 2506 Nunquid
261 2453 341 2491 allectata
357 2452 457 2500 ignoranda
473 2450 588 2498 paucioribus
603 2462 635 2486 vos
650 2450 707 2499 plagis
720 2451 781 2488 reddet
796 2452 894 2491 obnoxios?

157 2520 194 2554 Aut
211 2523 305 2564 propterea
322 2511 443 2561 delinquentes
461 2512 510 2547 eritis
524 2523 584 2548 coram
597 2511 637 2548 Deo
654 2512 731 2558 innoxii,
744 2513 785 2562 quia
802 2514 894 2552 mandato-

161 2589 201 2613 rum
215 2577 248 2612 Dei
261 2572 361 2610 voluntarie
374 2572 416 2608 estis
428 2571 497 2619 ignari?
509 2571 582 2619 Duplici
594 2584 653 2619 poena
666 2572 755 2609 cruciandi
768 2574 827 2619 eritis,
840 2574 894 2612 altera

160 2635 209 2686 quod
222 2635 267 2672 scire
280 2634 327 2669 viam
344 2630 469 2668 naaradatortuu
482 2630 516 2667 Dei
530 2631 654 2675 contemnitis,
668 2631 722 2668 altera
739 2631 788 2681 quod
801 2644 893 2671 sermones

159 2698 197 2734 eius
213 2709 251 2735 raon
269 2696 366 2736 custoditis,
380 2692 421 2730 Nou
434 2701 470 2742 est,
483 2705 536 2743 quatu
549 2692 641 2742 allegatis,
656 2693 769 2741 simplicitas,
783 2693 814 2731 sed
829 2693 893 2743 duplex
