1968 3023
377 127 379 131 ’
404 121 481 162 Haatrilt'a
494 120 539 161 iil.¹
656 169 657 172 Ἰ
808 131 829 159 21

95 205 214 252 innocentiae,
224 202 330 242 concordiae
339 204 406 247 nutrix,
415 215 479 252 parens
489 201 584 248 amicitiae,
593 202 664 250 pietatis
677 201 759 251 genitrix,
769 210 785 238 et
798 213 833 238 ser·

94 267 151 303 vatrin
163 264 261 313 religionis.
275 263 351 309 lustitia,
366 263 412 300 sicut
426 270 501 299 testatur
515 261 607 310 scriptura,
621 271 706 310 perpetua
721 270 754 307 est,
767 270 785 297 et
798 261 831 297 im=

95 325 185 363 mortalis:
199 323 284 361 iniustitia
293 332 353 360 autem
363 321 427 359 mortis
436 332 463 358 est
472 321 572 371 acquisitio.
583 319 653 365 Quibus
662 334 706 358 vero
716 320 774 357 modis
787 319 833 357 hanc
852 334 882 368 Sap.
892 341 904 360 1.

95 385 173 421 iustitiae
185 383 259 421 loricam
269 382 381 419 Christianus
395 381 447 418 miles
461 379 523 417 debeat
537 379 617 426 iuduere,
628 380 666 428 ipse
679 379 760 417 Salvator
773 389 833 417 noster

95 445 113 481 in
127 444 192 481 Sancto
205 442 302 491 Evangelio
320 440 416 478 denunciat
434 440 504 477 dicens:
519 440 587 477 Omnia
604 452 721 489 quaecunque
738 438 799 485 vultis,
814 447 833 475 ut
854 447 905 474 Luna.

96 502 160 540 faciant
173 500 223 539 vobis
241 501 328 545 homines,
343 511 360 537 et
373 512 407 538 vos
421 499 473 536 facite
491 499 526 536 illis
544 499 633 536 similiter.
647 499 709 548 Itaque
722 497 784 535 iratres
798 498 833 535 mei

96 561 143 598 lrunc
156 559 227 597 vivendi
240 559 316 596 modum
329 559 347 595 in
360 558 471 596 lrlonasterio
485 567 560 603 servate,
574 568 594 593 ut
609 550 731 606 unusquisque
745 556 834 594 commili-

96 620 134 657 toni
147 632 180 656 suo
194 618 245 655 faciat
258 619 276 655 in
290 617 378 662 otnuibus,
389 616 543 667 quemadmodum
552 615 587 653 sibi
599 616 619 653 ab
633 616 672 653 aliis
685 615 723 653 fieri
737 615 835 653 secundum
869 618 870 622 ’

96 689 165 716 rectum
175 677 248 714 rationis
258 676 343 714 iudicium
358 677 498 725 omnitempore
508 675 602 713 desiderat.
611 676 651 713 Hoc
661 686 687 712 est
696 675 743 712 enirn
757 676 834 724 primum

97 738 174 774 iustitiae
187 748 260 781 munus,
270 749 292 772 ne
306 735 334 771 cui
347 736 387 784 quis
401 744 472 781 noceat,
482 733 552 780 deinde,
562 744 581 771 ut
591 733 716 771 communibus
725 743 786 771 utatur
797 735 835 771 sine

98 798 201 845 cuiusquam
215 794 323 831 detrimento
333 793 413 830 alterius:
428 802 451 840 et,
460 794 508 842 quod
521 803 583 831 nostra
592 794 666 830 ulterius
679 794 753 843 requirit
766 794 835 839 militia,

98 855 116 892 id
129 854 181 891 iaciat
194 852 250 898 fratri,
265 851 313 901 quod
326 852 348 888 ad
362 852 438 889 salutern
454 853 500 889 iusta
513 853 583 905 ratione
602 852 690 896 conducit,
704 863 723 889 ut
736 854 845 901 proprium.¹

98 915 115 952 O
129 923 194 963 quanta
206 925 249 962 pace
258 911 360 948 fruerentur
369 911 460 954 mortales,
475 913 490 948 si
503 912 617 949 hortamenta
629 921 738 948 sectarentur
747 912 836 961 Apostoli,

98 987 133 1023 qua
146 985 199 1011 onera
213 980 284 1020 portare
302 970 380 1014 alterins,
394 969 438 1007 alter
457 970 570 1019 praecipitur.
584 971 650 1008 Omnis
668 971 725 1019 inquit
742 972 835 1019 scriptura,
856 988 921 1015 (gum,

99 1034 130 1082 qui
143 1032 184 1069 facit
197 1031 290 1077 iustitiam,
304 1043 325 1066 ex
339 1031 379 1067 Deo
392 1038 445 1066 natus
459 1040 490 1066 est.
504 1029 553 1066 Haec
566 1039 592 1066 est
605 1030 660 1066 lorica
674 1030 755 1074 iustitiae,
769 1030 837 1074 fratres,
857 1051 869 1069 1.
878 1044 915 1069 roan.
924 1050 936 1068 ι.

100 1091 182 1129 mandata
191 1090 225 1126 Dei
239 1089 333 1135 custodire,
347 1090 451 1138 pronianum
464 1101 518 1125 suum
527 1088 607 1137 diligete,
617 1099 634 1124 et
643 1089 702 1125 Deum
715 1101 768 1137 super
778 1090 838 1126 onmia

99 1149 230 1187 ferventissime
239 1161 303 1185 amare.
313 1148 355 1185 Hoc
368 1158 395 1184 est
408 1146 536 1184 indumentum
549 1147 624 1184 militiae
632 1158 703 1185 nostrae
712 1147 838 1194 fortissimum,

100 1211 140 1247 Deo
154 1209 227 1252 cultum,
241 1219 258 1245 et
271 1208 367 1256 pietatem:
380 1205 432 1244 nobis
446 1208 594 1245 sanctimoniam:
608 1217 625 1244 et
642 1208 726 1256 proximo
741 1206 839 1245 iratemam

101 1268 183 1306 exhibere
196 1261 307 1303 charitatem.
322 1265 392 1303 Omnes
406 1265 438 1301 sub
452 1266 530 1302 iustitiae
544 1266 631 1314 trophaeo
645 1265 718 1303 Christo
735 1265 839 1303 militamus.

101 1328 171 1376 Siquis
190 1327 265 1363 iniustus
283 1326 343 1371 luerit,
358 1337 395 1362 non
408 1323 429 1361 ad
443 1325 510 1361 Christi
527 1325 664 1371 militian1,sed
681 1326 741 1374 potius
758 1325 780 1362 ad
797 1326 839 1363 dae-

101 1399 176 1423 monum
189 1398 207 1421 se
221 1386 310 1434 pertinere
328 1384 440 1421 consortium
459 1383 544 1421 ostendit.
558 1385 628 1421 iustitia
643 1397 720 1435 nauaque
738 1385 794 1421 virtus
812 1395 839 1421 est

81 1470 82 1473 =
101 1446 184 1489 maxima,
194 1457 238 1493 quae
251 1444 356 1493 unicuique,
367 1442 416 1492 quod
430 1456 483 1480 suum
497 1453 528 1487 est,
539 1442 641 1480 distribuit:
656 1456 710 1493 quarn
718 1444 753 1480 nisi
766 1443 839 1493 diligen-

102 1505 170 1541 tissime
188 1503 299 1550 custodieris,
317 1513 335 1539 et
352 1503 444 1546 Monachr,
458 1512 476 1539 et
489 1503 551 1539 militis
567 1501 674 1540 vocabulum
692 1503 765 1540 amittis.
779 1503 840 1541 Redde
857 1514 858 1518 ¹

102 1565 156 1613 igitur
164 1564 204 1600 Deo
218 1562 291 1606 cultum,
306 1571 323 1599 et
335 1563 426 1610 pietatem,
436 1563 525 1611 superiori
538 1571 575 1607 tuo,
585 1564 623 1599 sive
635 1565 700 1600 rectori
713 1562 839 1612 obedientiam,

103 1624 161 1668 simul,
175 1634 193 1660 et
209 1623 334 1666 reverentiam,
351 1635 428 1672 quarum
445 1623 500 1660 altera
518 1622 583 1669 cordis,
597 1624 652 1660 altera
668 1636 713 1661 vero
730 1625 757 1659 est
775 1624 840 1673 operis

102 1684 165 1733 Neque
181 1683 229 1720 eninr
246 1682 311 1718 sufficit
329 1683 407 1718 exterius
424 1681 547 1731 obtemperare
565 1682 669 1727 maioribus,
686 1685 720 1720 nisi
738 1696 760 1720 ex
776 1684 840 1720 intimo

104 1744 162 1780 cordis
175 1743 238 1779 affectu
255 1742 337 1779 similiter
351 1742 372 1779 de
387 1743 411 1779 eis
425 1752 473 1779 recte
487 1743 591 1780 sentiamus.
605 1743 654 1780 Haec
666 1756 746 1793 ‚irataque
760 1757 801 1780 vera
814 1745 840 1780 iu·
861 1762 911 1788 maia,
920 1769 948 1786 ΜΟ.

103 1803 152 1842 stitia
160 1802 290 1849 Monaclaorum
304 1809 336 1844 est,
346 1801 414 1844 fratrea,
424 1814 458 1850 qua
468 1802 590 1851 unusquisque
599 1804 647 1839 iuxta
657 1803 784 1852 praescriptam
795 1802 841 1852 legis
861 1796 948 1866 qpssqttouun

105 1874 188 1899 normam
201 1861 239 1897 sine
252 1861 351 1897 offensione
365 1871 487 1907 conversatur,
496 1860 575 1898 tribuens
585 1863 682 1911 unicuique
691 1875 742 1899 suant
751 1863 842 1911 propriam
895 1850 898 1858 .

105 1922 216 1971 dignitatem,
224 1921 288 1957 maiori
297 1932 330 1957 suo
340 1921 464 1964 reverentiam,
474 1920 512 1970 pari
521 1921 641 1965 concordiam,
650 1922 716 1959 minori
725 1922 841 1971 disciplinam,

105 1983 144 2019 Deo
154 1982 228 2027 cultum,
238 1990 255 2017 et
265 1979 391 2026 obedientiam,
402 1978 435 2016 sibi
445 1981 589 2028 sanctimoniam,
599 1982 673 2018 inimico
682 1982 790 2031 patientiam,
799 1995 842 2031 pau-

106 2042 142 2090 peri
159 2040 307 2083 misericordiam,
325 2038 409 2076 omnibus
426 2039 523 2076 fraternam
540 2041 559 2077 iu
572 2041 652 2078 Domino
670 2042 781 2079 charitatem.
794 2042 842 2091 Ergo

106 2114 155 2138 sacer
169 2100 301 2149 Christophilus
315 2100 382 2148 inquit:
396 2098 492 2136 Debitores
506 2113 568 2136 sumus
581 2100 651 2147 fratres,
664 2114 701 2138 non
717 2102 770 2148 carni,
783 2111 803 2138 ut
816 2115 842 2138 se·
863 2120 903 2146 uuna.
912 2119 924 2146 a,
947 2103 948 2107 ’

107 2161 185 2198 cundum
199 2173 275 2203 carnem,
289 2160 378 2197 vivamus.
392 2159 411 2196 Si
424 2160 472 2196 enim
485 2159 584 2197 secundum
598 2172 668 2197 carnem
682 2161 768 2207 vixeritis,
777 2163 842 2199 morie-

106 2221 160 2258 mini:
174 2222 189 2257 si
202 2229 263 2256 antem
276 2219 341 2268 spiritu
350 2218 395 2255 facta
409 2220 466 2255 carnis
478 2218 635 2266 mortificaveritis,
643 2221 713 2258 vivetis.
723 2221 777 2258 Recte
789 2221 843 2270 igitur

108 2280 172 2317 militat
185 2279 230 2324 Deo,
244 2280 274 2329 qui
289 2277 378 2315 distribuit
391 2278 495 2328 unicuique,
509 2277 557 2328 quod
568 2292 623 2317 suum
637 2289 670 2317 est.
680 2280 767 2317 Calciatos
781 2280 844 2317 dehinc

108 2331 160 2390 pedes
174 2338 238 2377 habere
251 2338 335 2376 iubemur
347 2339 365 2375 in
378 2340 533 2388 praeparationem
543 2338 635 2388 Evangelii
647 2340 701 2388 pacis,
713 2350 799 2389 quatenus
812 2340 844 2377 bo-

108 2414 158 2447 nutu,
169 2400 217 2451 quod
230 2400 264 2448 ipsi
273 2399 354 2436 Domino
363 2397 451 2446 largiente
461 2398 585 2448 cognovimus,
596 2398 648 2435 etiam
658 2398 697 2435 aliis
706 2398 785 2442 hilariter
795 2413 844 2437 cour-
894 2421 953 2455 mg,

111 2462 229 2498 municemus.
238 2460 275 2497 Lex
288 2460 336 2497 enim
349 2469 416 2504 nostra,
426 2456 496 2504 iratres,
506 2457 604 2494 secundum
617 2470 671 2507 quam
680 2459 760 2501 Domino
769 2459 845 2497 militare
865 2456 897 2482 ΠΜ
908 2456 953 2482 funta-

866 2498 924 2517 nltnlunl
940 2499 954 2516 0·

109 2521 196 2564 iubemur,
206 2519 324 2568 Evangelium
338 2528 365 2555 est
378 2518 418 2554 Iesu
429 2517 503 2564 Christi,
517 2517 539 2554 ad
552 2519 600 2567 quod
613 2531 676 2554 omnes
686 2519 807 2556 claustralium
819 2532 846 2557 re·
867 2526 917 2552 nmium
934 2534 953 2551 re-

111 2582 169 2632 gulae,
183 2591 200 2620 et
214 2579 351 2618 constitutiones
369 2578 480 2616 ordinantur.
494 2577 537 2615 Non
553 2578 601 2615 enirn
618 2587 692 2627 propter
709 2580 846 2617 constitutiones
871 2561 950 2622 {hillidii

110 2645 218 2682 ilionasticas
231 2640 355 2691 Evangelium,
364 2639 395 2677 sed
408 2648 482 2688 propter
491 2638 608 2688 Evangelium
622 2649 687 2677 statuta
699 2648 741 2678 suut
753 2638 799 2677 facta
807 2641 846 2678 Mo·
866 2639 899 2658 ‘¹¹³¹'
