1968 3023
73 265 117 295 Horae
127 269 152 294 Ca-

12 315 13 318 *
64 305 119 331 nutritae
130 312 152 330 cut

64 340 79 365 ab
89 339 151 374 aliquibus

64 375 92 400 sine
109 374 150 400 devo-

16 410 17 414 ’
64 409 108 435 tione
122 417 151 443 per·

63 444 135 470 solvamur.
159 442 162 449 “

172 174 207 217 268
362 174 389 218 Dc
401 184 445 218 slata
458 187 472 217 ct
485 175 534 218 rariora
548 175 634 217 monastici
646 174 713 216 ordiaris.

172 261 231 298 tiriaus
245 272 312 308 curant,
328 275 381 311 quam
395 263 410 299 si
423 261 517 300 observate
529 276 620 312 uunquam
633 262 764 311 promisissent.
780 262 846 299 Omnia
863 274 904 299 con

172 319 255 367 sundram,
268 322 329 358 omnin
342 331 440 369 temerant;
455 323 515 359 omnin
532 331 654 371 praesumunt.
668 323 686 359 Si
703 322 725 359 ad
743 320 824 359 diuinrrm
838 322 904 359 cultum

171 380 293 428 respiciamus,
307 389 344 417 taur
361 380 441 427 confine,
455 391 491 418 tam
509 381 615 427 inordinate,
627 391 665 418 tarn
683 380 769 418 dissolute
785 380 835 417 illurn
853 380 904 429 perfi-

171 439 225 482 ciunt,
236 449 255 475 ut
266 452 299 476 nec
308 439 360 476 verba
369 453 447 488 sensum,
456 454 489 477 nec
499 440 578 478 debitum
589 441 666 479 melodia
675 451 747 478 resonet
760 452 829 478 tornatur.
839 440 904 477 Omnis

171 498 219 534 enirn
233 497 339 535 eruditionis
356 497 443 536 bonarum
461 501 525 536 artium
544 510 623 549 expertes
641 509 688 547 sunt,
703 499 727 536 ita
740 509 759 536 ut
776 513 845 544 eorum,
859 513 904 549 quae

171 568 243 602 cauum,
258 557 302 595 nihil
315 559 386 606 penitus
400 559 509 608 intelligant:
523 559 575 597 Unde
589 560 617 604 sit,
631 570 650 596 ut
664 561 701 596 sine
715 559 786 606 affectu,
799 560 837 596 sine
851 558 903 596 devo-

170 618 225 664 tione,
239 619 277 655 siue
291 631 354 667 sapore
367 621 445 656 internae
459 619 558 657 dulcedinis
572 620 624 657 horas
638 633 674 657 non
688 630 723 656 tarra
733 619 841 669 persolvant,
851 632 903 669 quam

170 678 287 723 confundant,
298 680 397 716 canonicas.
407 680 426 716 lu
436 692 498 717 eorum
513 679 595 719 manibus
609 679 664 717 codex
674 680 744 717 diuinae
754 679 851 729 scripturae
859 692 903 716 nrrn-

170 749 224 786 quam
238 738 334 785 aspicitur;
344 739 432 775 sermonis
441 739 556 777 aedificatorii
566 740 612 777 ratio
621 752 712 789 rurrrquaur
723 733 825 786 assumitur,
835 738 856 776 de
865 752 903 776 rno-

170 808 209 832 rum
224 797 336 834 institutione
350 810 440 846 rrurrqmnn
454 799 499 836 tatio
509 798 589 843 habetur,
599 799 641 835 Dies
652 798 745 847 obsfcoenis
755 797 857 849 rumoribus
866 807 903 835 tota

170 856 287 901 consumitur,
300 855 353 903 ludis,
362 867 379 893 et
393 857 573 895 commessationibus
583 871 636 895 omne
646 867 716 906 ternpus
726 858 845 906 mancipatur:
855 856 902 894 nulla

170 927 247 963 unquam
261 914 283 951 de
296 915 424 952 reformatione
436 916 504 953 lateritio
514 915 597 953 habetur:
607 916 664 953 saevit
672 916 749 952 invicem
763 910 907 953 discordantium

169 972 233 1019 rabies
249 983 265 1010 et
279 974 324 1011 inter
338 986 407 1022 cappas,
421 987 463 1022 pace
478 985 534 1023 rupta.
550 973 658 1012 coenobium
671 975 710 1023 lege
727 984 830 1023 contempta
843 973 902 1011 litibus

169 1034 227 1082 inungit
240 1035 328 1071 insamun.
341 1035 397 1071 Hasta
410 1034 451 1081 illic,
465 1044 482 1071 et
496 1034 572 1084 gladius,
585 1045 602 1072 ct
616 1048 666 1072 arcus
684 1045 755 1083 praesto
773 1044 819 1078 sunt,
834 1043 853 1070 ut
867 1046 902 1070 non

170 1093 276 1130 contrabium
294 1093 360 1140 credas,
374 1093 405 1131 sed
423 1093 535 1141 bellantium,
551 1094 599 1144 quod
617 1087 680 1140 ceratis,
694 1093 821 1131 defensoriam.
838 1093 902 1130 Testes

168 1166 211 1190 sune
225 1153 344 1201 proprietatis,
358 1165 418 1190 contra
432 1163 502 1200 statuta,
517 1163 579 1191 contra
596 1154 643 1200 lura,
659 1164 720 1191 contra
737 1153 824 1202 regulam,
838 1152 901 1190 domus

168 1221 257 1261 separatas
271 1212 337 1261 singuli
350 1211 457 1258 inhabitant,
474 1214 491 1249 in
507 1213 571 1262 quibus
589 1226 624 1250 uon
642 1212 772 1250 monachorum
790 1211 855 1257 studia,
870 1211 901 1249 secl

168 1271 274 1308 clericorum
289 1281 377 1308 exercent.
390 1272 448 1307 Deuru
462 1285 494 1308 uec
506 1273 576 1319 timent,
586 1285 618 1308 nec
632 1282 698 1309 natarat:
709 1271 730 1308 de
740 1270 799 1308 futura
812 1272 848 1307 vita
857 1270 901 1307 nihil
919 1273 921 1276 ⁴

169 1332 253 1380 cogitant,
263 1332 328 1380 quippe
341 1332 372 1380 qui
385 1344 445 1368 causas
460 1333 529 1369 :intimae
539 1341 649 1380 postponunt
659 1329 780 1379 uoluptatibus
795 1331 857 1367 carnis.
867 1331 901 1368 Re-

168 1391 227 1439 gulam
242 1390 373 1427 mormchorum
387 1404 423 1427 non
433 1391 502 1439 legunr;
511 1400 577 1427 statuta
591 1403 626 1427 non
636 1381 734 1436 advertunt,
744 1390 817 1426 Parrum
831 1389 901 1426 decreta

168 1460 291 1488 contemnunt.
305 1451 374 1487 Votum
389 1451 496 1499 paupertatis
509 1460 602 1499 spetiano,
618 1450 703 1486 castitatis
717 1451 807 1493 nesciunt,
818 1449 901 1488 obedien-

166 1511 201 1547 tiae
215 1510 331 1558 nltpcnlnn.
345 1510 366 1545 Et
380 1510 454 1554 utinam,
466 1510 506 1557 quia
520 1509 564 1546 casti
577 1522 615 1546 esse
624 1518 706 1552 renuunt,
717 1510 828 1546 continentes
838 1510 900 1548 saltem

142 1615 144 1619 ι
166 1583 206 1606 esse
219 1568 340 1618 tlignuentut,
356 1569 424 1605 hainaut
437 1578 515 1606 stercora
529 1569 614 1605 vitiorum
625 1570 642 1605 iu
653 1568 734 1614 circuitu,
744 1576 761 1604 et
775 1568 823 1617 quod
836 1581 899 1606 omnes

67 1637 146 1663 hlunncluuu

58 1680 66 1697 a
77 1680 113 1698 novo
127 1673 146 1697 iu·

58 1706 111 1732 stituere
126 1707 145 1732 sa-

59 1741 107 1767 cilius
119 1748 145 1773 est,

58 1784 96 1810 qnam
105 1776 146 1810 pessi-

58 1819 94 1836 uunn
104 1820 111 1836 a
119 1819 145 1836 trra-

58 1845 71 1870 lo
80 1854 145 1871 revocare.

85 2226 143 2261 Baptista

56 2262 138 2288 Mantuanus.

87 2591 120 2618 loel.
130 2600 141 2620 1.

166 1637 239 1674 norunt,
249 1641 281 1665 uos
295 1628 333 1671 soli,
348 1628 378 1677 qui
387 1627 482 1664 eruemlare
492 1627 581 1671 iuberuur,
591 1628 703 1676 ignoramus:
717 1626 767 1671 Quid
779 1628 840 1664 turritis
850 1630 900 1665 utar?

165 1689 212 1726 Tam
226 1687 282 1735 phua,
295 1697 331 1723 taur
345 1699 415 1734 magna,
430 1696 466 1722 tarta
480 1687 527 1723 varia
540 1697 601 1723 contra
615 1686 695 1735 regulam
712 1687 729 1723 S.
743 1686 834 1723 Benedicti
848 1701 899 1725 cout-

166 1748 240 1784 mittunt
258 1746 326 1791 illicita,
345 1756 363 1782 ut
381 1745 449 1782 ancilias
468 1746 568 1782 existimem
586 1759 595 1782 a
612 1758 660 1782 novo
677 1746 788 1783 monachum
803 1746 899 1791 instituere,

166 1820 219 1856 qraam
234 1808 309 1843 istorum
322 1818 374 1853 posse
388 1805 443 1841 vitan
458 1804 557 1842 erraeradare.
571 1805 601 1842 Nil
615 1805 664 1841 enim
678 1805 786 1841 monasticae
800 1805 898 1844 honestatis

166 1865 272 1902 inviolatum
286 1863 332 1912 apud
347 1864 387 1900 illos
405 1874 514 1911 per¹severat3
532 1863 564 1901 sed
578 1865 639 1901 omnia
656 1863 742 1912 neglecta,
756 1864 817 1901 omnin
834 1876 899 1914 spreta,

165 1925 225 1961 ounria
240 1932 348 1972 contempta,
362 1933 379 1959 et
392 1923 466 1959 lacerata
480 1924 544 1959 iacent:
558 1923 601 1967 Irae,
615 1924 669 1969 rinae,
679 1923 805 1967 dissensiones,
817 1925 898 1969 invidiae,

165 1983 288 2026 detractiones,
302 1982 402 2026 nraledicta,
416 1983 521 2028 iuramenta,
534 1982 636 2031 opprobria,
650 1982 713 2032 hisque
727 1983 792 2020 similia
806 1996 842 2021 uon
856 1985 899 2021 iudi-

165 2053 227 2080 cantur
240 2042 286 2091 apud
301 2042 340 2079 illos
354 2055 392 2079 esse
401 2052 478 2090 peccata,
488 2043 528 2090 qnia
543 2043 602 2090 coepit
615 2055 653 2079 esse
662 2042 737 2086 licitum,
748 2041 796 2091 quod
805 2043 898 2092 publicum

164 2112 198 2139 est:
213 2102 267 2139 Vitiis
280 2101 330 2139 locus
344 2111 396 2150 patet,
411 2112 462 2150 atque
481 2100 593 2139 criminibus:
607 2102 663 2138 virtus
676 2101 714 2138 sola
727 2114 764 2138 nou
777 2112 856 2139 meretur
871 2116 899 2140 ac-

165 2173 242 2198 cessum:
256 2159 332 2206 Rident3
347 2162 361 2196 si
375 2161 414 2210 quis
428 2160 450 2197 de
463 2161 572 2208 poenitentia
586 2173 646 2197 coram
656 2161 681 2197 eis
692 2162 771 2209 coeperit
784 2160 849 2198 habere
862 2175 897 2199 ser-

163 2233 242 2263 monem,
253 2229 269 2257 et
279 2221 324 2256 sient
333 2220 441 2255 Mantuartus
450 2219 484 2256 air:
494 2232 575 2268 superos,
585 2219 722 2268 Acherontaque
732 2231 824 2268 spernunt.
833 2221 898 2258 Nullus

164 2280 185 2317 de
199 2279 287 2328 supplicio
304 2289 370 2324 metus,
384 2278 404 2315 de
422 2278 481 2314 ludice
499 2279 554 2315 timor
570 2278 630 2315 nullus
647 2288 678 2315 est,
697 2278 783 2316 Cerneres
801 2280 848 2328 apud
861 2293 897 2323 eos,

163 2340 213 2388 quasi
226 2339 244 2376 in
258 2339 366 2387 scaturigine
380 2339 462 2376 omniurn
475 2338 562 2375 vitiorum
574 2337 663 2376 abundare
677 2338 784 2386 superbiam,
799 2339 897 2386 avaritiam,

163 2398 262 2444 libidinem,
277 2398 382 2447 inglusiem,
399 2398 491 2444 accidiam,
505 2398 556 2443 iram,
572 2397 640 2444 odium,
654 2393 772 2448 ornnemkpue3
786 2398 897 2447 voluptatem

163 2458 230 2503 carnis;
245 2456 297 2506 quam
311 2457 325 2493 si
336 2467 410 2506 possunt
420 2455 559 2505 apprehendere,
570 2456 658 2506 gaudent3
668 2458 682 2493 si
696 2470 733 2495 non
746 2467 827 2505 possunt,
837 2467 897 2495 tamen

162 2517 225 2554 sedulo
240 2516 373 2565 concupiscunt.
383 2517 539 2565 Computtuerunt
547 2518 628 2553 iumenta
641 2517 659 2552 iu
672 2526 751 2553 stercore
764 2530 804 2563 suo,
814 2527 831 2554 et
843 2517 896 2554 veluti

162 2577 231 2613 ratione
245 2576 310 2612 arttissa
323 2576 344 2613 ad
358 2576 485 2624 poenitentiam
499 2590 536 2613 non
549 2576 612 2613 volunt
625 2576 711 2612 revocari.
726 2576 743 2613 O
757 2568 865 2613 houeDeus
875 2576 896 2614 ad

162 2646 247 2685 quautam
257 2635 377 2672 calamitatem
386 2634 473 2671 deductus
483 2645 509 2672 est
518 2634 569 2680 ordo,
579 2634 670 2684 qnorrdaur
681 2635 767 2682 excelsus,
775 2636 805 2685 qui
813 2634 896 2672 erunibus

161 2696 221 2745 potuit
234 2696 299 2733 rnerito
313 2693 397 2744 praeferri
411 2694 509 2733 ordinibus.
523 2695 541 2733 O
555 2694 618 2732 Sancte
631 2695 683 2731 Pater
696 2695 795 2739 Benedicte,
809 2695 838 2744 qui
852 2694 895 2733 olim
