1968 3023
416 175 472 214 Sanno
486 175 519 213 III.
801 186 835 223 197

100 255 190 305 obsequiis
204 255 305 293 voluntarie
319 256 410 308 deditum,
424 267 441 292 et
455 255 476 293 ad
490 255 561 302 omnia,
575 267 690 304 quaecunque
702 255 761 292 iussus
775 255 835 300 luerit,

99 325 186 365 paratum.
200 315 247 352 Vera
256 315 323 353 etenim
331 314 422 352 humilitas
436 314 490 352 etiam
503 312 617 351 inferioribus
629 314 764 362 promptissima
773 313 836 351 volun-

99 385 135 413 tate
148 375 259 425 obsequitur,
268 385 285 412 et
294 387 385 424 nunqnam
399 384 461 412 contra
470 373 610 423 praecipientem
621 373 728 422 indignatur.
743 374 836 418 Quantum

100 435 195 485 praevalet,
208 434 291 473 omnibus
305 435 387 473 famulari
400 446 433 484 pro
447 434 514 471 Christi
528 446 590 471 atnorc
603 433 696 478 desiderat,
708 434 738 483 qui
749 435 808 471 Deunr
818 435 836 471 in

100 504 139 532 toto
153 494 295 532 corde-fideliter
309 504 361 532 amat.
375 494 467 543 Quicquid
480 493 529 530 enim
542 493 611 530 servitii
623 491 706 530 fratribus
723 493 836 542 impenderit,

101 554 172 592 Christo
186 554 286 592 exhibitum
295 554 370 599 firmiter
379 563 438 591 toturn
453 553 513 591 credit.
528 553 618 598 Quartum
627 565 680 602 supra
688 554 796 603 vigesimum
806 554 837 591 hu·

100 613 181 651 militatis
194 615 266 663 signum
276 625 318 652 tunc
327 614 426 651 monachus
437 614 538 651 inveritate
551 613 673 662 consequitur,
682 613 754 662 quando
763 625 836 663 propter

100 673 134 710 Dei
146 685 227 710 amorem
240 673 303 711 viliora
316 675 334 711 in
348 674 457 710 rnotrasterio
471 685 533 710 curare
546 671 610 719 officia,
623 685 668 721 quae
682 674 746 709 caeteri
759 682 838 710 contem·

100 742 150 779 nunt,
160 732 265 769 delectatur.
278 732 330 769 Hunc
340 745 392 769 verae
406 732 512 769 hurnilitatis
521 731 596 781 gradum
606 731 665 780 piures
673 731 764 781 quondam
777 745 837 770 ascen-

100 792 146 829 disse
160 792 243 840 legimus,
253 804 298 839 quos
308 792 369 840 magni
378 790 424 839 apud
437 791 496 828 Deutn
506 804 544 827 esse
553 791 612 827 meriti
621 803 658 827 non
667 789 775 829 dubitamus.
788 792 837 829 Dicit

101 852 147 889 enim
158 852 175 888 in
184 860 246 888 sancto
253 850 350 900 Evangelio
357 851 456 888 Dominus:
471 850 543 897 Omnis,
556 851 586 899 qui
595 863 614 887 se
621 850 712 897 'humilias
726 850 836 899 exaitabitur,

100 911 185 961 quoniam
198 911 246 947 Deus
260 909 340 959 superbis
354 910 427 956 resistit,
436 909 534 946 humilibus
548 919 608 946 autem
621 909 650 946 dat
664 912 743 959 glutiam.
757 911 836 949 Humilis

101 969 197 1007 monachus
211 970 290 1006 imitatur
299 969 399 1014 Christum,
410 967 496 1017 superbus
510 967 606 1005 diabolum.
620 968 709 1011 Quintum
722 979 775 1019 atque
788 971 836 1021 vige-

100 1030 165 1066 simum
180 1030 288 1066 monasticae
302 1027 407 1065 humilitatis
421 1029 493 1077 signum
502 1036 534 1071 est,
543 1027 562 1063 in
572 1039 660 1064 conventu
670 1029 791 1077 quorumlibet
804 1031 836 1067 ho-

100 1080 169 1127 minum
183 1102 253 1138 semper
267 1087 371 1125 inferiorem
384 1087 456 1124 sedendi
469 1088 530 1124 locum
544 1100 635 1137 quaerere,
645 1099 662 1124 et
672 1100 705 1125 nec
718 1090 794 1139 aequali,
804 1104 837 1127 nec

100 1149 180 1186 inferiori
194 1161 212 1185 se
225 1146 319 1197 praeferre.
333 1148 375 1185 Nou
389 1157 415 1184 est
428 1147 560 1184 monachorum
574 1146 595 1183 de
608 1146 642 1183 loci
655 1148 794 1195 praeeminentia
807 1162 836 1186 su-

101 1207 153 1257 perbe
167 1207 274 1245 contendere
279 1223 283 1254 ;
297 1219 330 1244 nec
344 1206 395 1243 decet
406 1205 489 1243 nuilitem
504 1206 570 1243 Christi
586 1207 654 1243 honore
668 1207 712 1244 alios
726 1207 771 1244 velie
784 1222 836 1258 supe-

100 1280 143 1305 rare.
157 1268 173 1304 V
176 1280 215 1304 erus
225 1267 291 1304 etenim
302 1266 406 1312 monachus,
417 1266 447 1314 qui
458 1265 577 1303 humilitatem
589 1266 652 1315 diligit,
662 1267 711 1303 onrui
725 1270 836 1306 extremitate

101 1325 309 1372 contentus,'neminem
322 1325 429 1374 praecellere
447 1326 561 1374 concupiscit.
575 1325 648 1362 Sextuni
663 1338 715 1375 supra
729 1328 835 1377 vigesimum

101 1387 206 1424 humilitatis
219 1386 304 1423 indicium
318 1385 343 1423 illi
357 1386 435 1423 maxime
449 1387 537 1430 convenit,
547 1386 584 1435 qui,
599 1398 639 1422 cunr
653 1386 676 1422 sit
689 1386 758 1434 doctus,
768 1398 785 1425 et
798 1402 837 1426 eru-

101 1448 153 1493 ditus,
163 1456 236 1494 propter
245 1445 341 1482 demissam
351 1446 378 1482 sui
392 1444 543 1490 humiliationem,
554 1458 626 1482 onrrretn
640 1446 746 1493 doctrinam,
756 1457 772 1484 et
781 1449 836 1485 scien-

100 1508 143 1544 tiam
157 1505 255 1542 abscondit.
274 1504 373 1542 Monachus
387 1505 440 1548 enitn,
455 1504 485 1553 qni
498 1516 540 1541 vete
553 1503 625 1541 humilis
639 1514 672 1551 est,
686 1518 757 1555 semper
771 1506 792 1544 ad
806 1520 836 1545 au-

101 1566 185 1603 diendum
199 1565 288 1602 invenitur
301 1565 383 1613 paratior,
393 1577 446 1613 quam
458 1563 479 1600 ad
493 1563 608 1612 loquendum.
622 1565 670 1602 Dicit
679 1578 755 1614 nanrquc
767 1567 836 1604 divinus

101 1624 192 1674 presbyter
204 1624 338 1672 Hieronymus:
354 1623 453 1660 Monachus
468 1635 505 1660 non
523 1623 613 1669 docentis,
628 1623 658 1660 sed
671 1624 771 1673 plangentis
785 1626 837 1663 habet

101 1684 191 1722 officium:
205 1683 236 1732 qui
248 1683 277 1719 vel
290 1695 309 1720 se
322 1682 388 1731 lugeat,
402 1682 431 1719 vel
444 1682 538 1729 mundum,
552 1693 569 1719 et
582 1683 656 1719 Domini
670 1684 837 1733 paviduspraesto·

101 1744 146 1781 lctur
159 1743 262 1780 adventurn.
277 1742 384 1790 Arrogantia
397 1741 529 1778 monachorum
543 1751 560 1777 et
573 1741 618 1785 Deo,
629 1752 646 1778 et
659 1742 762 1780 hominibus
776 1744 837 1782 odiosa

101 1815 134 1849 est,
143 1812 160 1839 et
174 1810 247 1850 peccato
261 1813 332 1849 semper
346 1800 428 1838 obnoxia.
442 1801 543 1849 Septimum
556 1812 597 1850 post
609 1802 717 1850 vigesimum
731 1803 837 1841 humilitatis

101 1863 178 1912 siguum,
189 1861 218 1898 ille
227 1860 304 1910 perfecte
318 1860 439 1909 consequitur,
449 1860 479 1909 qui
493 1873 554 1897 amore
568 1860 672 1910 disciplinae
684 1862 770 1910 regularis
779 1873 838 1900 tacere

101 1922 164 1971 magis,
178 1933 230 1970 quam
244 1920 294 1969 loqui
307 1919 410 1957 delectatur.
424 1918 503 1956 Humilis
512 1920 579 1957 Christi
592 1930 660 1958 amator
672 1921 762 1958 silentium
772 1921 836 1971 diligit:

101 1992 149 2019 erne
162 1980 240 2017 offendat
253 1981 272 2016 in
285 1990 376 2024 sermone,
390 1978 440 2027 loqui
453 1979 561 2027 paucissima
575 1981 673 2017 consuevit.
687 1981 735 2017 Raro
748 1982 838 2018 invenitur

101 2041 148 2090 apud
167 2039 250 2089 loquaces
268 2038 368 2076 humilitas:
382 2049 399 2074 et
413 2040 443 2087 qui
456 2038 509 2076 velox
522 2050 549 2076 est
562 2040 584 2077 ad
597 2039 719 2090 loquendum,
734 2042 837 2091 praecipitat

102 2101 178 2137 animam
192 2111 248 2136 suam
258 2098 359 2135 Monachus
368 2095 440 2147 loquax,
450 2109 466 2135 et
475 2099 556 2147 garrulus
570 2112 607 2137 non
620 2111 667 2138 caret
680 2100 769 2150 superbia:
781 2103 837 2151 etqui

102 2160 166 2198 stultus
180 2168 217 2205 est,
232 2157 339 2206 multiplicat
352 2157 411 2195 verba.
430 2159 516 2207 Quisquis
530 2159 649 2207 inspirituali
663 2162 760 2199 certamine
776 2161 837 2198 adver-

101 2220 167 2257 sarium
177 2231 229 2255 suum
239 2230 270 2266 per
279 2216 400 2254 lrumilitatetn
413 2230 498 2265 superare
509 2217 604 2263 desiderat,
614 2218 693 2267 linguam
707 2232 758 2257 suam
770 2233 780 2256 a
792 2219 838 2257 mul-

102 2279 185 2328 tiloquio,
201 2286 217 2314 ct
231 2276 252 2313 ab
266 2276 316 2313 onrni
329 2288 412 2313 sermone
430 2277 492 2313 ocioso
506 2276 595 2313 refrenare
608 2290 643 2314 non
658 2278 734 2315 ornittat.
748 2278 837 2326 Scriptum
858 2295 898 2321 nov.
908 2302 928 2328 19,

83 2334 85 2337 ’
102 2348 128 2376 est
137 2339 155 2374 in
164 2337 210 2374 libro
219 2334 364 2381 Proverbiorum‚
374 2336 459 2384 quoniam
469 2336 487 2372 in
495 2336 611 2385 multiloquio
620 2350 656 2374 non
670 2337 726 2375 deerit
739 2348 837 2386 peccatum.

102 2398 192 2435 Octavum
202 2405 242 2444 post
251 2395 360 2444 vigesimum
369 2393 459 2443 perfectae
469 2395 575 2433 lnunilitatis
588 2396 660 2446 signum
672 2398 751 2446 quisquis
765 2397 838 2445 adeptus

102 2457 158 2500 larerit,
169 2456 232 2501 risum,
242 2465 259 2491 et
269 2454 333 2491 onmes
341 2452 452 2490 inordinatos
462 2454 606 2492 cachinnantium
615 2466 676 2505 gestus
686 2455 763 2493 evitabit.
777 2457 840 2494 Mona-

103 2516 157 2553 clnnn
170 2515 252 2562 planctus
269 2514 346 2549 inanime
361 2512 421 2558 decet,
434 2525 471 2549 non
484 2514 540 2560 risus,
554 2525 573 2550 ut
589 2523 632 2562 pote
646 2516 676 2564 qui
693 2516 760 2552 cunctis
777 2515 840 2552 rnundi

102 2572 204 2612 levitatibus
218 2582 244 2610 est
258 2582 346 2609 mortuus.
360 2572 409 2608 Dicit
422 2581 482 2609 autem
493 2573 519 2609 vir
528 2575 611 2622 sapiensf
621 2574 687 2611 Fatuus
697 2575 714 2612 in
724 2576 760 2611 risu
775 2576 840 2613 exaltat
861 2587 911 2615 Eccles.
921 2595 941 2615 ει.

102 2647 167 2671 vocem
180 2645 241 2670 suam:
256 2633 283 2669 vir
296 2642 355 2669 autem
368 2633 438 2681 sapiens
447 2633 477 2669 vix
489 2633 542 2669 tacite
555 2632 624 2670 ridebit.
638 2634 712 2671 Nonum
725 2647 778 2684 supra
791 2636 841 2685 vige-

103 2694 170 2732 simum
183 2692 272 2742 perlectae
285 2692 391 2729 launriiitatis
401 2691 486 2729 indicium
496 2692 580 2730 atimore
589 2693 663 2731 Domini
673 2694 727 2730 sutnit
741 2693 841 2742 exordium,
