1968 3023
78 881 133 907 Frideri-

47 916 134 942 cusflavariae

47 951 134 985 duxSpaulre·

47 994 92 1012 rnense
106 995 133 1012 mo·

55 1021 125 1047 nusteriunx

47 1056 124 1091 repurgavit.

158 140 191 177 128
378 142 404 179 Da
414 142 504 191 patientia,
519 148 533 178 tt
547 142 676 179 irrarrsarurdine.

156 234 212 270 gnum
226 234 358 270 computorum,
372 222 420 271 quod
433 232 475 260 tunc
488 224 559 260 demum
573 223 611 260 fieri
625 232 696 271 potest,
711 224 726 260 si
739 236 772 272 pro
785 224 818 261 Dei
832 236 892 261 amore

155 281 200 318 hanc
214 281 270 330 ipsam
284 282 365 328 viriliter,
379 293 396 318 et
410 283 469 319 animo
483 281 578 331 tranquillo
596 282 694 319 toleremus
710 283 794 331 inopiam.
806 286 892 320 Anteces-

155 352 217 377 sorum
235 350 339 378 nostrornm
357 341 455 379 deformata
473 343 583 379 conversatio
598 355 648 388 eam,
664 354 717 391 quarn
732 342 810 391 patimur
825 350 892 391 egesta-

156 410 202 444 tem,
217 400 258 437 huic
276 401 388 438 Monasterio
407 399 484 447 induxit,
498 413 550 450 quarn
564 401 695 449 omnipotentis
713 401 747 437 Dei
764 401 862 445 miseratio,
877 402 891 437 si

155 459 238 497 mandata
252 460 290 496 eius
304 460 357 498 corde
371 459 448 507 perfecto
459 460 603 510 custodierimus,
614 472 655 496 curn
669 470 751 508 tempore
765 460 891 509 proculdubio

155 518 245 556 relevabit.
261 518 288 556 Ab
306 520 356 556 annis
374 529 421 556 retro
439 517 495 555 ferme
513 518 601 562 ducentis,
620 518 774 568 quemadmodum
792 520 892 557 coniectura

155 579 216 623 simul,
231 590 248 616 et
266 579 321 616 literis
339 579 480 628 praecedentium
494 580 563 628 assequi
580 592 687 628 possumus,
701 581 768 627 puritas
782 579 891 616 Monasticae

154 640 272 677 institutionis
291 641 308 677 in
326 640 360 677 hoc
376 639 503 689 Spanlsemensi
517 640 636 682 Mona'sterio,
650 640 704 676 sicuti
722 650 739 676 et
756 640 774 676 in
790 639 829 676 aliis
847 652 891 688 pene
904 673 910 680 ,.

155 699 238 737 omnibus
252 699 323 746 defecit,
337 710 354 737 et
367 700 475 737 inordinatio
489 701 535 736 vitae
549 699 681 737 Monachorum
695 712 768 736 omnem
781 710 891 736 terrenarum

154 771 214 796 rerum
228 758 345 796 substantiam
359 760 428 808 penitus
442 758 538 808 dissipavit.
552 759 648 796 Enimvero
667 772 708 795 cnm
722 772 768 796 anno
781 758 891 796 Christiano-

154 831 194 855 rum
208 830 262 861 nono,
273 827 290 854 et
304 818 416 867 sexugesimo
430 831 482 867 supra
496 818 698 868 quadringentesimum,
708 827 761 868 atque
775 817 890 855 millesimum
934 859 935 862 Ἴ

154 877 253 914 Fridericus
268 878 334 915 Comes
348 877 442 920 Palatinus¹
457 891 477 915 ac
490 878 572 915 Bavariae
584 878 626 914 Dux
637 877 805 921 Christianissimus,
813 878 843 927 qui
855 891 893 915 mo-

155 936 225 974 rabatur
244 940 261 974 in
274 937 366 980 Semeren,
381 935 473 985 reprobam
488 936 618 974 Monachorum
632 938 687 973 vitam
704 937 723 973 in
740 950 772 973 sno
789 937 890 985 Principum

154 997 207 1033 nimis
221 995 292 1033 liaberet
307 1009 386 1041 exosam,
401 997 433 1033 tria
447 995 537 1039 coenobia,
548 995 640 1033 Monuchis
654 995 758 1033 deformatis
772 996 855 1044 expulsis,
865 1008 891 1032 re-

154 1056 245 1102 formavit,
255 1066 272 1093 et
285 1057 353 1104 optime
367 1057 456 1093 institutos
470 1070 490 1094 ex
504 1056 541 1093 aliis
552 1057 665 1093 Monasteriis
679 1055 784 1093 introduxit.
798 1055 819 1092 Et
832 1057 890 1104 primo

153 1116 226 1165 quidem
239 1116 275 1152 duo
289 1116 421 1153 Canonicorun]
435 1117 548 1165 Regularium
563 1116 623 1153 Sancti
637 1115 733 1164 Augustini
747 1116 855 1152 Alonasteria
869 1115 890 1152 ad

154 1175 286 1212 observantium
296 1175 381 1224 regularis
389 1175 491 1223 disciplinae
501 1175 577 1221 reduxit,
584 1174 749 1224 Ravengirserbnrg
754 1173 836 1212 videlicet
844 1176 890 1223 apud

154 1236 250 1283 Cynotos,
267 1244 283 1271 et
301 1234 419 1271 Suubeuheim
440 1235 486 1282 apud
503 1235 627 1272 Stanronesios
645 1235 663 1271 in
680 1246 726 1282 pago
745 1233 890 1282 Nagaviensium.

152 1294 256 1332 Novissime
268 1306 315 1330 antro
327 1294 401 1331 Domini
413 1304 517 1342 praenotato
527 1294 580 1330 etiam
594 1293 629 1329 hoc
643 1305 726 1342 praesens
739 1291 844 1330 coenobium
858 1306 890 1330 no-

152 1364 209 1390 strum
223 1353 356 1400 Spanlremense
371 1352 392 1389 ad
406 1353 551 1390 reformationem
561 1351 635 1390 Ordinis
649 1352 744 1395 revocavit,
759 1351 889 1400 eliminatisque

152 1411 220 1450 Abbate
234 1424 273 1448 curn
288 1411 381 1448 lvlonachis
395 1411 477 1460 quinque,
491 1411 534 1449 alios
548 1411 568 1448 de
583 1410 696 1447 observantia
709 1420 785 1458 quatuor
799 1411 889 1448 inlocum

152 1472 235 1517 restituit,
249 1469 312 1519 quibus
331 1470 485 1520 praedecessorem
502 1483 562 1507 meum
578 1471 663 1507 loanriem
678 1470 699 1506 de
713 1469 827 1507 Colenhusen
842 1482 889 1506 nunc

152 1533 169 1568 in
181 1530 281 1579 Selgenstat
295 1529 423 1567 abbatisantem
437 1530 526 1578 praefecit.
540 1529 599 1567 Tanta
612 1522 656 1566 vero
669 1530 729 1566 locum
744 1540 847 1579 paupertate
860 1543 890 1578 op-

152 1603 239 1639 pressum,
253 1600 270 1626 et
283 1597 322 1627 aere
336 1600 429 1638 gravatum
443 1589 500 1627 alieno
514 1591 625 1632 invenerunt,
635 1599 655 1626 ut
664 1602 717 1626 nemo
730 1588 789 1634 fuerit,
800 1590 830 1638 qui
839 1588 889 1626 illurn

152 1648 222 1686 credere
236 1661 288 1697 posse
302 1650 405 1694 restaurari,
413 1649 499 1697 quoniam
513 1658 609 1696 proventus
623 1649 677 1684 annui
691 1661 761 1694 omnes,
772 1658 801 1684 sut
814 1647 888 1694 venditi,

151 1719 180 1746 unt
194 1707 226 1744 sul>
240 1706 368 1756 redemptionis
382 1707 434 1744 titulo
448 1707 518 1744 fuerunt
532 1707 609 1753 alienati,
623 1707 668 1744 nihil
681 1707 736 1744 etium
754 1707 775 1744 de
792 1720 827 1755 quo
841 1708 888 1743 vive-

151 1778 196 1814 rent,
209 1768 280 1815 penitus
294 1766 327 1804 fuit
341 1767 431 1804 relictum
442 1766 497 1804 Adest
510 1780 577 1811 eorum,
592 1779 637 1816 quae
651 1766 736 1812 dicimus,
750 1766 850 1811 relator,et
863 1776 889 1804 te-

151 1827 182 1863 stis
196 1826 250 1863 irater
264 1836 324 1863 noster
337 1827 424 1863 Henricus
433 1818 483 1863 'uuus
497 1840 518 1863 ex
531 1826 592 1875 primis
606 1836 684 1874 quatuor
698 1825 888 1863 Reformatoribusde

152 1886 245 1934 Magunria
259 1886 325 1931 missis,
339 1899 359 1922 ex
374 1887 423 1922 cuius
437 1898 467 1922 ore
481 1886 549 1934 plenius
559 1886 620 1923 omnia
630 1886 750 1934 cognoscetis.
764 1885 785 1921 Et
799 1899 839 1923 ecce
853 1886 888 1922 ium

151 1958 208 1982 annus
222 1945 308 1990 decimus
322 1955 339 1981 et
352 1946 438 1993 septimus
455 1946 518 1994 agitur,
528 1958 549 1980 ex
563 1958 598 1994 quo
614 1944 664 1981 locus
679 1945 712 1980 iste
726 1944 758 1981 sub
772 1944 849 1992 capitulo
863 1957 888 1981 re·

150 2004 238 2041 formatae
255 2004 326 2040 unionis
341 2003 362 2040 de
375 2003 473 2044 Bursleldia
490 2005 608 2049 instauratur,
624 2013 641 2040 et
659 2005 715 2040 adhuc
731 2014 835 2052 paupertate
852 2017 888 2041 non

151 2064 222 2101 modica
236 2065 359 2112 excoquimur.
369 2063 417 2101 Haec
428 2074 520 2111 propterea
529 2063 612 2108 dixerim,
623 2061 693 2107 fratres,
704 2072 723 2098 ut
733 2063 791 2099 sciatis
803 2063 887 2112 quoniam

150 2124 283 2168 necessitatem,
299 2135 352 2171 qnam
366 2123 449 2170 patimur,
461 2135 495 2159 non
509 2122 543 2159 soli
556 2133 659 2171 porrarnus;
673 2134 713 2157 cum
724 2121 749 2158 illi
759 2131 835 2170 quatuor
846 2123 886 2168 viri,

150 2184 180 2232 qui
194 2182 324 2219 ltlorrasteriuni
344 2181 495 2225 reformaverunt,
513 2183 565 2230 primi
582 2182 701 2218 sustinuerint
718 2181 809 2229 graviora,
823 2181 887 2230 quibus

150 2240 199 2288 faba,
213 2252 230 2278 et
244 2242 303 2290 pisum
321 2241 427 2278 satiaverunt
444 2252 533 2285 ventrem,
550 2252 567 2279 et
580 2252 645 2289 potum
660 2242 679 2278 iu
695 2253 779 2277 mensura
796 2242 887 2290 pyracium

149 2312 203 2338 tenue
216 2300 303 2349 praebuit.
318 2301 394 2337 Vocuvit
407 2302 544 2346 nosmiseratio
558 2301 592 2337 Dei
605 2299 627 2337 ad
640 2301 688 2337 hunc
701 2299 768 2343 locum,
780 2300 797 2336 in
811 2307 847 2350 quo
860 2312 887 2336 su-

150 2359 191 2396 intis
205 2368 277 2396 nostrae
294 2359 393 2396 antidicuni
406 2372 437 2407 per
451 2360 553 2407 patientiam
571 2360 675 2404 vincamus,
689 2367 708 2394 ut
724 2359 773 2395 iuxta
791 2358 885 2395 considium

150 2418 186 2455 divi
199 2419 283 2468 Apostoli
297 2419 365 2455 victum
375 2417 459 2456 habentes
470 2428 549 2465 tenuem,
564 2423 586 2462 e't,
601 2430 637 2467 quo
651 2427 738 2466 tegamur,
749 2419 884 2462 vestimentum,

150 2480 235 2524 contenti,
249 2478 328 2515 Domino
342 2478 407 2526 gratias
421 2488 492 2526 agentes
507 2481 524 2514 in
538 2478 627 2514 hilaritate
644 2477 710 2513 mentis
727 2477 831 2513 serviamus.
844 2476 886 2513 Non

150 2539 197 2575 enim
211 2551 273 2574 snmus
287 2539 345 2575 vocati
360 2537 381 2574 ud
394 2538 454 2587 epulas
468 2540 534 2584 carnis,
547 2551 605 2587 neque
619 2536 640 2573 ad
655 2537 726 2574 delicias
744 2537 796 2573 huius
812 2536 883 2581 mundi,

149 2610 186 2634 non
199 2596 220 2632 ad
234 2597 341 2646 voluptates,
352 2610 410 2645 neque
425 2597 447 2634 ad
460 2599 506 2634 vitae
516 2597 613 2645 praesentis
623 2596 691 2640 solatia,
701 2595 732 2633 sed
741 2596 762 2632 ad
772 2594 885 2632 militandum

149 2656 235 2702 Domino,
249 2667 266 2692 et
280 2656 384 2705 imperatori
397 2666 458 2693 nostro
472 2657 511 2693 lesu
525 2656 597 2692 Christo
608 2656 626 2692 in
637 2655 745 2692 abstinentia
759 2655 841 2692 omnium
855 2653 885 2690 de-
