1968 3023
446 124 522 161 Hvun'b'a
536 124 591 160 XXV.
853 134 883 170 173

147 207 233 243 virtutum
247 206 305 244 studio
320 206 425 250 iucundum,
435 203 482 253 quod
492 214 553 240 natura
563 202 631 239 cunctis
641 202 698 240 voluit
708 216 745 240 esse
759 203 884 240 necessarium.

148 265 265 309 Mementote,
276 265 360 315 quoniam
370 276 435 301 omnes
444 262 543 300 necessario
557 274 619 297 sumus
633 261 724 305 mortales,
738 272 755 299 et
768 261 838 310 quaudo
848 274 883 298 uon

148 336 240 373 putamus,
256 339 276 361 ex
290 325 324 362 hoc
338 324 406 361 nuurdo
420 320 541 359 transibimus.
557 322 614 367 Nam,
630 330 649 357 ut
666 322 736 369 praesul
754 321 824 371 quidatu
839 320 883 357 dixit

148 397 223 421 venerati
238 398 248 421 11

225 385 235 422 d
250 399 264 431 S)
327 433 401 463 Toiiinrur
411 442 419 461 c
430 432 478 461 medio
489 431 520 460 satis
531 431 615 469 urgentibus
626 440 684 466 ornnes,

367 481 386 511 Et
396 481 471 515 trahimur,
482 489 510 519 quo
521 489 548 509 uos
558 480 587 508 vita
598 486 656 518 peracta
668 487 715 509 vocat.

147 562 279 612 Quodcumque
298 562 352 610 igitur
373 573 469 608 possumus
490 558 564 603 bonum,
583 572 681 607 operemur
701 559 763 595 fratres
779 561 823 603 mei,
840 559 882 596 druu

112 639 114 644 ’
146 631 216 670 tenipus
234 621 329 669 habemus,
347 633 369 656 ue
387 620 451 656 mortis
467 619 590 667 praeveniente
607 618 694 667 irnperio,
710 631 743 655 nos
759 618 812 655 fuisse
826 618 883 666 negii·

146 692 207 730 gentes
227 682 301 718 nirniunr
320 693 361 717 sero
380 679 479 716 doleamus.
495 677 575 727 Tempus
591 677 651 715 solutu
669 689 695 715 est
710 688 800 724 nostrum,
814 690 882 715 caetera

147 753 189 777 vero
211 741 266 778 aliena
287 749 328 776 sunt
349 739 416 776 01111111,
438 737 495 774 Labor
515 738 587 774 nriiitiae
608 748 680 775 nostrae
702 738 809 786 spiritualis,
831 750 848 775 et
867 740 882 774 si

147 801 201 837 durus
216 800 345 850 aliquantulum
362 798 426 847 tepidis
441 796 528 835 mentibus
543 798 633 841 videatur,
649 808 710 835 tamen
723 797 837 835 brevissimus
847 809 881 841 est,

146 870 163 897 et
177 874 217 897 cum
230 861 265 897 vita
278 861 313 897 cito
327 858 465 895 terminabitur:
480 857 510 894 sed
524 870 590 894 merces
600 857 690 895 bonorum
705 870 786 906 opetum,
796 871 839 907 quae
853 858 881 895 du-

145 919 192 956 bitur
205 919 261 965 nobis,
271 929 330 956 tritaet
343 919 360 954 in
374 928 473 954 aeternum.
484 916 576 954 bieditatio
587 918 623 953 cito
633 916 703 954 futurae
713 918 776 954 mortis
790 930 879 966 nunquam

145 992 177 1016 vos
191 979 266 1025 deseram
281 979 311 1015 sed
323 976 467 1014 consideratione
477 975 550 1013 districti
560 975 626 1020 iudicii,
637 976 686 1025 quod
695 989 749 1013 nenio
759 976 881 1024 subterfugere

145 1049 209 1087 potest.
219 1048 289 1075 mentes
297 1047 364 1074 vestras
375 1037 392 1072 111
402 1036 436 1072 Dei
450 1048 510 1072 amore
523 1036 588 1084 iugiter
602 1046 717 1085 compungat.
728 1036 772 1072 Ecce
786 1047 829 1085 quot
842 1049 881 1073 mo-

145 1098 197 1135 nachi
209 1112 242 1136 nos
251 1100 268 1135 in
279 1098 312 1134 hoc
322 1095 451 1145 Spanhemensi
466 1093 551 1132 coenubio
565 1108 596 1143 per
610 1107 666 1132 annos
677 1095 733 1132 ferme
743 1095 881 1144 quadringentos

144 1158 223 1206 aprima
241 1156 344 1193 fundatione
361 1156 388 1191 sui
406 1154 490 1200 vivendo,
506 1165 521 1190 et
537 1153 631 1192 moriendo
650 1165 788 1203 praecesserunt.
804 1168 880 1204 quornm

145 1217 191 1264 apud
207 1230 240 1254 nos
257 1216 310 1254 bodie
329 1215 378 1252 nulla
394 1214 464 1262 penitus
482 1223 561 1263 superest
578 1216 672 1251 memoria.
687 1215 742 1259 Quod
760 1228 792 1252 1105
810 1228 880 1260 snmus,

144 1276 169 1313 iili
179 1277 259 1314 fuerunt:
274 1275 321 1325 quod
335 1274 361 1311 1111
375 1284 422 1318 sunt,
433 1284 473 1322 post
483 1272 534 1310 breve
545 1283 615 1322 ternpus
626 1275 699 1311 erimus.
709 1275 796 1312 Homines
809 1274 880 1312 fuerunt

145 1335 234 1381 mortales,
244 1334 291 1384 quod
301 1346 371 1378 sumus,
383 1333 451 1370 mortui
460 1343 506 1376 sunt,
517 1343 533 1369 et
546 1334 611 1370 reversi
626 1335 644 1370 in
657 1333 750 1382 puiverem
761 1344 823 1376 terrae,
832 1333 881 1383 quod

145 1395 217 1431 erituus.
231 1393 290 1431 Abbas
304 1406 338 1441 ego
351 1405 392 1429 surn
406 1393 459 1429 huius
473 1393 576 1429 monasterii
589 1393 730 1441 Spanliemensis
743 1394 813 1442 quintus
828 1403 880 1442 atque

143 1454 239 1501 vigesimus
257 1453 290 1490 nisi
304 1461 381 1500 quatuor
395 1463 412 1488 et
425 1451 489 1500 viginti
502 1452 638 1500 praecessissent
652 1451 674 1488 ad
688 1462 772 1498 mortem,
786 1466 819 1501 ego
833 1463 880 1489 certe

143 1513 240 1561 vigesimus
258 1513 330 1560 quintus
349 1511 525 1559 nonpervenissem
538 1510 559 1547 ad
572 1510 618 1548 hanc
636 1509 729 1548 abbatiam.
743 1511 811 1548 Locum
829 1510 879 1547 alteri

143 1583 214 1620 quoque
227 1570 277 1607 brevi
290 1570 363 1607 daturus
373 1582 420 1615 sum,
432 1580 451 1606 ut
464 1580 523 1606 sextus
533 1581 584 1619 atque
594 1570 693 1618 vigesimus
703 1569 785 1608 abbatum
795 1583 879 1608 numerus

143 1629 242 1678 impieatur.
252 1631 294 1666 Post
304 1629 355 1666 iilum
369 1641 430 1665 rursus
443 1628 553 1665 ordinabitur
566 1629 621 1674 alius;
636 1639 653 1665 et
667 1642 716 1666 mors
728 1630 780 1666 unius
790 1630 879 1666 institutio

142 1688 162 1725 fit
175 1688 257 1735 atterius«,
271 1698 287 1726 et
301 1689 343 1725 dum
357 1688 402 1725 aiter
420 1687 498 1724 succedit
515 1688 570 1732 alteri,
584 1689 649 1725 mortis
668 1689 743 1736 imperio
761 1688 879 1725 subiiciuntur

142 1749 227 1785 universi.
237 1747 272 1784 Ubi
286 1757 327 1784 suut
341 1760 393 1796 ergo,
408 1747 476 1793 fratres,
486 1747 516 1796 qui
529 1759 561 1783 nos
575 1748 592 1783 in
607 1746 642 1783 hoc
655 1747 764 1785 monasterio
778 1760 877 1796 praecesse-

146 1808 199 1844 runt?
213 1806 372 1852 Quemadmodum
385 1806 434 1843 nulla
452 1818 514 1843 eorum
531 1807 618 1843 memoria
632 1818 659 1842 est
674 1806 720 1854 apud
734 1819 773 1853 uos,
786 1808 816 1855 qui
829 1820 879 1855 prae-

142 1876 242 1904 cesserunt:
256 1867 280 1902 ita
296 1876 313 1902 et
326 1878 360 1902 1105
373 1866 392 1902 111
408 1864 499 1902 oblivione
515 1866 579 1902 erimus
595 1868 705 1913 sempiterna
719 1866 766 1913 'apud
781 1866 831 1910 11105,
848 1867 879 1916 qui

142 1936 242 1975 sequentur.
252 1925 300 1961 Haec
313 1926 463 1974 praecogitetnus,
474 1923 536 1975 iratres
546 1924 651 1968 charissimi,
662 1924 705 1961 dum
715 1925 800 1971 vivimus,
809 1938 831 1962 ne
845 1926 878 1961 im-

142 1985 198 2033 parati
211 1994 287 2022 mortem
304 1983 409 2020 incidamus.
423 1982 477 2019 Sicuti
495 1983 574 2031 quotidie
592 1995 710 2032 properamus
723 1984 745 2021 ad
758 1995 841 2031 mortem,
854 1986 878 2022 ita

141 2044 220 2092 quotidie
230 2056 261 2091 pro
271 2043 336 2080 viribus
351 2054 489 2090 praeparemur:
504 2043 589 2091 quoniam
598 2056 673 2080 securus
683 2046 766 2091 moritur,
775 2045 804 2094 qui
818 2044 876 2090 bonis,

141 2113 158 2140 et
172 2104 235 2139 sanctis
249 2102 331 2151 operibus
346 2102 363 2137 in
376 2102 413 2137 vita
426 2101 525 2138 decoratur.
536 2101 576 2138 Non
591 2115 624 2139 vos
639 2103 716 2152 decipiat
729 2117 768 2152 spes
782 2104 827 2141 vitae
840 2104 877 2141 lon·

140 2163 206 2212 gioris;
219 2163 303 2211 quoniam
313 2172 381 2211 quanto
391 2159 456 2197 diutius
470 2161 488 2197 in
501 2160 617 2198 boemundo
631 2163 699 2209 vivitis,
709 2174 757 2201 tanto
768 2164 837 2200 brevius
851 2165 876 2199 vi·

142 2224 187 2259 cturi
201 2223 247 2259 estis.
261 2222 306 2259 Ecce
320 2221 401 2271 quotidie
414 2220 436 2258 ad
450 2233 526 2258 mortem
536 2221 629 2258 tendentes
639 2224 737 2270 tnorimur3
751 2224 829 2272 quotidie
842 2237 876 2261 uua

140 2295 180 2331 pars
194 2282 239 2319 vitae
253 2281 303 2319 uobis
317 2290 421 2329 amputatur
426 2295 431 2326 ;
445 2290 461 2316 et
474 2290 540 2329 quarato
554 2282 590 2317 vita
604 2291 666 2319 nostra
680 2282 746 2319 diutius
761 2283 876 2331 protrahitur,

140 2351 191 2383 tanto
200 2341 287 2389 reliquum
297 2340 369 2377 vivendi
378 2350 449 2387 tempus
460 2338 575 2377 abbreviatur.
583 2340 645 2378 Omne
653 2341 701 2390 quod
708 2342 790 2388 viximus,
799 2352 875 2391 tempus,

140 2412 199 2439 toturn
214 2401 310 2444 amisimus,
325 2401 367 2450 quin
383 2401 483 2449 praeteriit:
498 2401 545 2449 quod
561 2401 615 2438 hodie
629 2402 707 2438 vivimus
724 2411 875 2447 momentaneum,

140 2474 179 2498 cunt
190 2471 247 2498 morte
257 2460 363 2498 dividimus:
377 2469 463 2509 qtrantuur
473 2460 543 2497 vivendi
552 2461 574 2498 de
584 2460 646 2498 futuro
655 2471 710 2498 restet
720 2460 770 2497 nobis
783 2463 876 2510 temporis,

140 2521 249 2568 ignoramus.
260 2519 309 2564 Quid
319 2520 374 2568 igitur
384 2520 402 2555 in
410 2520 487 2555 vanitate
501 2520 553 2557 huius
563 2522 611 2557 vitae
620 2520 734 2566 confidimus,
745 2521 775 2570 qui
788 2521 823 2558 ciro
836 2535 876 2559 1110-

139 2580 191 2616 1111111
200 2580 271 2616 suruus?
285 2579 346 2627 Itaque
356 2578 427 2615 assidue
438 2580 542 2628 cogitemus,
551 2579 621 2626 fratres,
631 2593 653 2617 eo
663 2592 696 2617 uos
706 2580 742 2617 cito
752 2589 875 2629 peruenturus,

139 2651 174 2687 quo
188 2651 220 2676 uos
234 2651 296 2676 omnes
310 2639 388 2675 maiores
402 2638 460 2675 nostri
473 2638 540 2676 dudum
554 2649 696 2687 praecesserunt.
707 2639 775 2677 Omnes
790 2640 822 2677 hac
835 2640 875 2690 lege

918 2112 984 2139 Adversu-

898 2154 942 2179 spem
952 2148 976 2174 vit

897 2181 965 2216 longioris.
