1968 3023
428 171 507 209 Homilio
518 170 555 207 XX,
830 180 862 217 149

127 256 189 294 habeat
202 257 220 293 in
234 256 330 301 tractatoria3
344 264 360 292 et
374 268 409 291 non
423 263 500 291 transeat
511 254 561 299 hora,
573 255 590 290 in
603 265 637 302 qua
647 253 743 301 patientem
754 265 786 301 pro
796 260 813 288 te
823 262 863 286 cum
899 301 901 304 y

127 318 224 366 gratiarum
238 317 307 354 actione
324 328 359 353 non
376 316 449 365 cogites.
463 315 492 352 Sta
507 315 524 351 in
538 314 648 357 lmmilitate,
663 323 679 349 et
694 324 733 349 uera
751 311 863 355 obedientia,

129 390 145 416 et
154 379 201 416 nulla
209 379 238 416 tibi
248 391 324 428 nnqtutm
332 376 458 426 praevalebunt
466 375 560 412 contraria.
568 372 728 418 Quemadmodum
736 371 787 409 arbor
794 371 865 414 multas

129 448 146 476 et
159 452 231 489 magnas
245 437 312 475 radices
326 438 343 473 in
357 446 402 473 terra
412 436 484 472 mittens
494 447 529 471 non
539 434 591 471 facile
605 432 626 470 de
639 432 681 470 loco
694 445 728 468 suo
741 430 830 475 evellitur,
841 429 866 466 sic

129 499 226 546 monachas
235 499 344 540 charitatem,
354 507 370 533 et
378 494 496 532 obedientiam
504 495 521 531 in
530 493 631 530 {numilitate
640 505 681 529 cum
689 491 762 528 caeteris
770 487 866 527 uirtutibus

129 558 226 609 possidens,
236 569 347 608 nequaquam
356 570 365 593 a
375 554 491 592 daemonibus
501 562 601 602 superatur.
611 551 719 589 Obedientia
733 563 797 599 magna
810 551 867 587 virtus

130 628 162 663 cst,
176 618 243 661 hanes,
258 628 302 665 quae
316 614 370 651 menti
385 623 462 650 caeteras
476 614 550 650 virtutes
565 613 632 658 inserit,
643 612 752 659 insertasque
766 622 797 659 per
808 609 867 646 humi-

130 678 184 715 litatis
201 676 319 712 initiisteriutn
338 673 420 711 custodit
434 674 473 721 lpse
488 673 577 709 Dominus
591 683 651 708 noster
665 672 715 708 lesus
729 670 822 716 Christus,
837 670 867 718 qui

130 738 187 774 factus
201 747 227 772 est
245 748 276 785 pro
290 733 340 772 hobis
354 732 437 770 obediens
456 746 512 782 usque
529 733 550 770 ad
565 742 642 770 mortem
661 732 728 776 crucis,
743 729 795 767 corda
810 740 866 766 vestra

98 803 99 806 ’
130 809 161 845 per
174 796 248 845 gratiam
263 808 313 834 snam
327 794 420 837 illuminet,
434 803 451 829 et
465 802 534 830 mentes
547 803 614 829 uestras
629 792 649 829 ad
664 791 795 829 observantiam
813 803 867 838 regu-

132 855 172 891 laris
185 855 231 890 vitae
245 854 294 891 omni
308 862 388 901 tempore
403 852 477 889 dulciter
490 852 597 896 inflammet,
612 853 642 901 qui
655 853 711 895 vivit,
721 862 738 887 et
751 860 813 899 regnat
827 862 867 886 curn

132 914 171 950 Deo
181 923 229 961 patre
242 913 260 949 in
274 913 339 949 unitate
348 912 425 960 Spiritus
434 912 489 948 sancti
499 912 548 948 Deus
558 924 589 959 per
598 912 659 948 onmia
668 910 737 947 saecula
749 910 868 946 saeculorum.

130 975 196 1009 chartea.

286 1052 312 1081 De
322 1051 416 1080 coralinealz'o
427 1052 489 1079 atvero
500 1049 573 1079 castitate.
585 1049 657 1079 Ilorra'lia
669 1049 717 1078 XXI.

226 1129 244 1147 <-

190 1144 349 1198 ituantaoptaretn,
362 1149 425 1186 iratres
443 1149 478 1185 mei
492 1148 600 1192 charissimi,
615 1161 654 1185 eam
673 1161 701 1185 me
717 1149 793 1196 gratiam
811 1160 872 1184 conse-

135 1157 258 1286 Νὲυωῑη
272 1205 339 1253 η’ῡεο,
353 1221 387 1257 qua
400 1207 451 1244 vobis
465 1217 526 1256 pastor
540 1207 613 1257 dignus,
628 1207 649 1245 ed
663 1207 737 1245 idoneus
751 1220 805 1255 opere
818 1207 872 1243 simul

135 1284 198 1315 essem,
207 1280 232 1306 ‘et
245 1282 333 1306 sermone.
347 1268 387 1306 Scio
401 1269 454 1315 enim,
468 1281 500 1305 nec
515 1281 544 1304 me
557 1268 609 1317 fugit,
623 1280 677 1317 qnam
691 1267 791 1317 periculosa
808 1280 837 1303 res
850 1267 873 1303 sit

135 1330 205 1368 homini
218 1330 282 1373 iuueni,
293 1340 309 1366 et
319 1331 417 1377 inexperto,
428 1328 484 1377 qualis
494 1341 527 1377 ego
537 1341 585 1373 sum,
597 1329 677 1377 regimen
687 1329 791 1371 animarum,
802 1326 872 1376 quando

136 1391 156 1433 is,
170 1389 200 1439 qni
214 1387 288 1426 necdum
303 1389 418 1436 semetipsum
428 1387 511 1436 dirigere,
521 1398 538 1424 et
551 1387 650 1436 gnbernare
663 1388 685 1424 ad
699 1387 777 1424 institiae
790 1399 871 1423 normam

136 1448 204 1493 didicit,
214 1446 296 1484 accedere
309 1446 330 1483 ad
339 1447 415 1484 aliorum
429 1447 553 1496 raaatgisterium
563 1447 666 1495 praesumit.
681 1446 771 1484 Erubesco
785 1447 802 1483 in
814 1444 873 1482 medio

136 1517 215 1545 vestrum
230 1520 249 1544 os
263 1519 322 1543 meum
337 1506 405 1555 aperire
418 1505 439 1542 ad
452 1505 560 1552 docendum,
570 1507 600 1555 qui
614 1505 662 1543 breui
676 1515 758 1555 tempore
771 1505 873 1553 discipulus,

137 1577 177 1604 ante
191 1567 311 1602 maturitatem
326 1578 381 1614 cogor
398 1578 436 1602 esse
454 1564 558 1601 didascalus.
573 1565 651 1612 Verum,
666 1567 751 1615 quoniam
771 1566 794 1602 ita
809 1565 874 1613 placuit

137 1625 197 1672 vobis,
211 1635 228 1661 et
241 1625 322 1662 voluistis
339 1638 367 1661 me
381 1625 463 1661 invenem
476 1623 541 1661 habere
555 1626 670 1673 magistram,
685 1626 751 1673 parcite
765 1624 816 1668 mibi,
830 1637 875 1673 quo-

138 1688 184 1723 niam
199 1686 294 1722 necessitas
312 1698 341 1721 me
355 1684 446 1733 compellit
460 1684 577 1721 commissum
595 1698 628 1733 pro
642 1684 709 1722 viribus
724 1685 820 1733 adimplere
836 1683 875 1721 oili-

139 1747 192 1782 cinm.
206 1745 274 1782 Vestris
288 1744 331 1781 mihi
345 1743 438 1780 subvenite
451 1744 569 1789 orationibus,
580 1757 643 1793 precor
657 1744 725 1788 iratres,
736 1754 755 1781 ut
768 1746 820 1788 uires,
833 1756 875 1792 quas
903 1782 904 1785 ,

139 1805 201 1841 aetatis
218 1804 307 1851 imperitia
325 1803 409 1851 denegat,
425 1803 458 1840 Dei
476 1804 567 1841 miseratio
586 1803 682 1853 impendat.
701 1804 760 1853 Cupio
779 1805 827 1840 enim
844 1816 876 1840 vos

140 1876 200 1900 coram
214 1863 252 1899 Deo
266 1861 356 1899 ambulare
370 1863 387 1898 in
401 1862 450 1898 omni
464 1862 541 1911 puritate
556 1864 628 1909 mentis,
637 1874 654 1900 et
667 1863 755 1911 corporis,
766 1873 785 1898 ut
799 1864 814 1899 ei
829 1874 877 1899 com-

140 1922 231 1971 placearis,
242 1923 269 1958 cui
278 1933 310 1958 vos
320 1920 340 1958 ab
350 1922 400 1959 initio
410 1921 513 1958 tradidistis.
524 1922 672 1960 Ducem'itineris
681 1923 769 1970 assumpti
778 1921 799 1958 ad
807 1922 876 1958 coelum
906 1927 908 1931 ’

141 1982 245 2019 intueamini
259 1981 358 2018 Domirmm
376 1992 458 2018 nostrum
471 1982 531 2018 Iesum
545 1983 648 2028 Christum,
663 1983 692 2030 qni
706 1992 758 2019 natus
774 1982 796 2019 de
809 1982 877 2030 uirgine

142 2042 197 2078 Maria
211 2054 281 2090 semper
290 2041 409 2090 pudicissima,
419 2042 489 2085 mentis,
500 2050 518 2077 et
527 2042 608 2090 corporis
618 2041 766 2091 perfectissimam
779 2043 877 2078 castitatem

142 2109 229 2149 perpetuo
243 2099 359 2136 conservavit,
373 2100 425 2135 Hunc
440 2100 539 2148 sequamini
549 2110 691 2148 praeceptorem,
701 2102 718 2137 in
733 2101 782 2136 cuius
796 2100 878 2137 militiam

142 2172 205 2196 titanus
219 2160 341 2203 consecrastis,
350 2169 368 2195 ut
377 2171 413 2196 non
424 2159 483 2195 solnm
498 2171 573 2207 corpore
587 2161 661 2196 servetis
675 2160 761 2196 indictam
774 2159 825 2197 ‘uobis
839 2172 879 2196 con-

143 2218 243 2263 tinentiam,
257 2216 288 2253 sed
301 2218 353 2254 etiam
367 2228 426 2254 melate
443 2217 520 2254 lucidam
538 2231 591 2267 super
604 2218 705 2267 saphirum,
720 2230 737 2256 et
753 2218 878 2256 carbunculum

96 2313 97 2316 ,
145 2275 247 2313 custodiatis
261 2287 346 2325 perpetuo
360 2277 464 2313 castitatem.
478 2276 554 2313 Castitas
569 2278 616 2314 enim
630 2279 685 2314 virtus
700 2278 819 2327 pulcherrima
833 2291 881 2327 prac-
911 2311 913 2313 .
930 2287 981 2328 ¹cram

145 2335 196 2383 cipue
209 2335 259 2372 decet
272 2335 379 2379 claustrales
393 2348 424 2384 per
437 2334 536 2384 quarnsub
545 2337 588 2385 ingo
602 2338 675 2374 rationis
689 2338 767 2386 impetus
781 2339 839 2374 omnis
854 2351 879 2374 re·
901 2328 979 2384 hillidii

144 2393 236 2431 froenetur
245 2393 327 2439 libidinis,
337 2405 354 2431 et
363 2393 408 2431 iuria
417 2396 494 2431 extincta
507 2395 593 2432 vitiorum
607 2395 693 2432 habitudo
707 2398 788 2445 corporis
800 2407 880 2433 seruetur
901 2393 943 2419 dem·

145 2453 200 2489 totius
214 2452 317 2490 honestatis.
331 2454 429 2490 Monachus
439 2454 557 2496 incontinens,
567 2463 584 2490 et
598 2454 681 2497 lascivus,
692 2455 721 2503 qni
731 2467 813 2502 spurcam
825 2457 882 2493 carnis

145 2510 237 2548 libidinem
250 2513 335 2561 sequitur,
349 2525 388 2549 cum
403 2512 524 2559 daemonibus
539 2515 569 2562 qui
582 2518 693 2550 recesserunt
707 2527 716 2549 a
730 2514 819 2561 Domino,
834 2521 882 2552 corn-

147 2580 222 2620 putatur.
236 2571 280 2608 Tria
297 2582 337 2609 sunt
356 2573 412 2618 enim,
426 2573 463 2609 sine
481 2585 558 2621 quorum
577 2573 704 2610 observatione
718 2584 814 2621 perpetua,
830 2588 884 2612 nemo

147 2632 192 2667 inter
206 2631 303 2668 monachos
318 2643 399 2669 censetur
412 2632 537 2670 nominamlus.
550 2632 620 2669 Horum
635 2633 721 2681 primum,
736 2643 763 2669 est
776 2632 856 2680 lnarnilis,
868 2644 884 2671 et

119 2712 121 2715 .
145 2703 197 2727 uerae
215 2690 328 2728 subiectionis
346 2690 456 2737 obedientia3
470 2702 487 2727 et
500 2691 608 2740 secundnm¹
625 2692 684 2729 onmis
702 2691 790 2729 abdicatio
806 2694 884 2742 proprie·
