1968 3023
411 152 487 193 Humilia
499 153 518 192 l⁴
810 161 834 201 37

96 235 173 274 ociosus.
187 234 262 283 Semper
275 234 334 284 itaque
348 234 453 281 monachus,
467 234 496 283 qui
506 234 577 272 Christo
591 235 608 271 in
622 247 664 272 uera
678 234 755 283 puritate
768 233 833 270 mentis

95 294 183 332 desiderat
196 294 280 340 militare,
290 294 313 331 sit
326 294 344 331 in
358 293 417 343 aliquo
431 294 515 331 exercitio
524 293 612 342 spirituali
621 301 729 343 occupatus3
739 305 761 329 ne
771 292 831 329 ocium

95 365 167 403 generet
180 355 251 399 vitiam,
267 364 284 390 et
297 354 388 391 inveniant
402 353 511 402 perniciosae
525 352 649 402 cogitationes,
667 365 703 402 quo
721 350 832 395 roborentur,

94 411 160 449 locum.
175 411 335 458 Quemadmodum
349 411 412 461 rubigo
427 413 516 449 consumit
529 410 603 457 ferrum,
612 422 635 449 ,et
648 412 703 449 vestis
721 423 730 447 a
743 409 833 447 vermibus

95 471 205 518 corroditur;
218 472 243 508 ita
256 481 335 509 mentem
349 482 422 509 enervat
435 472 501 516 ocium,
515 481 532 509 et
545 472 600 508 virtus
615 471 644 508 diu
658 470 762 508 intermissa
779 469 834 505 animi

94 529 179 579 paulatim
194 529 262 576 defluit,
275 544 296 567 ac
309 532 379 580 penitus
392 540 492 568 enervatur.
510 531 576 569 Ocium
594 532 651 580 igitur
668 529 734 579 fugite;
747 527 834 566 accidiam

94 601 136 626 vero
150 598 239 639 superate.
252 589 322 627 Verum
336 603 376 627 cum
390 603 426 628 non
439 591 529 639 possimus
543 592 560 628 in
578 603 614 628 uno
632 600 679 628 statu
698 588 754 626 divini
767 587 834 625 amoris

95 647 176 695 firmiter,
191 659 208 686 et
221 650 259 686 sine
268 650 368 687 mutatione
380 652 445 688 mentis
459 652 560 699 persistere,
570 651 692 688 necessarium
702 647 754 686 nobis
768 659 802 693 est,
812 659 834 683 ne

95 706 193 745 defluamus
207 709 284 758 penitus,
299 709 378 759 quotidie
392 720 472 747 sanctum
486 711 599 760 propositum
618 711 714 754 innovare,
729 717 749 744 ut
762 707 832 757 quoties

94 780 124 816 per
138 767 265 817 negligentiam
279 768 368 806 humanae
382 769 498 815 infirmitatis,
512 769 642 819 quantumlibet
656 781 717 819 parum
731 778 832 816 torpescere

94 839 103 862 a
116 827 204 875 spirituali
217 826 287 865 fervore
301 828 402 876 incipimus,
416 829 469 865 toties
482 830 602 877 nosmetipsos
616 829 733 866 discutientes
744 827 832 864 memoria

94 886 203 933 futurorum,
214 896 231 923 et
244 886 345 924 dominicae
355 888 441 937 passionis
455 888 520 925 intuitu
530 888 551 925 ad
561 889 657 937 pristinum
671 900 714 924 moa
727 886 832 935 proficiendi

94 947 207 995 propositum
222 948 351 983 conscientiam
365 960 477 984 revocemus.
490 948 530 984 Hoc
543 958 601 985 autem
616 960 732 996 summopere
741 944 792 983 nobis
806 959 832 982 ca·

94 1006 172 1043 vendunt
186 1015 220 1051 est,
235 1018 257 1042 ne
271 1005 318 1042 bunc
332 1017 412 1043 sanctum
426 1005 529 1055 proficiendi
545 1016 629 1044 conatum
643 1007 746 1044 differamus
764 1005 781 1041 in
795 1017 832 1041 cra-

93 1066 167 1112 stinum,
185 1066 271 1115 quoniam
288 1078 340 1114 saepe
358 1067 420 1103 nocuit
437 1066 525 1103 distulisse
541 1065 608 1104 bonnm
623 1067 641 1103 in
658 1077 729 1115 tempus
745 1064 832 1111 futurum,

94 1124 142 1173 quod
155 1124 193 1161 fieri
208 1124 260 1161 citius
274 1125 367 1173 potuisset.
376 1125 424 1161 Hinc
437 1125 506 1174 sapiens
515 1126 532 1163 in
542 1125 668 1162 Ecclesiastico
678 1124 728 1170 dicit,
737 1124 764 1161 Ne
774 1123 832 1160 tardes

95 1184 176 1221 converti
186 1182 207 1221 ad
216 1184 323 1230 Dominum,
337 1194 353 1221 et
366 1197 388 1221 ne
402 1184 471 1221 differas
484 1184 505 1222 de
515 1185 542 1222 die
551 1185 569 1221 in
579 1184 632 1222 diem.
643 1184 706 1221 Subito
716 1184 764 1220 enim
773 1183 832 1220 veniet

94 1244 119 1280 ira
132 1243 186 1290 illius,
199 1256 216 1281 er
230 1244 249 1280 in
262 1252 344 1292 tempore
357 1244 445 1282 vindictae
457 1244 546 1294 disperdet
559 1254 582 1283 te.
594 1245 707 1294 Augustinus
717 1256 789 1293 quoque
803 1244 832 1289 ait,

94 1302 211 1340 Carbonum
226 1302 286 1340 differs
300 1304 317 1339 in
331 1304 434 1350 crastinum,
448 1304 518 1350 dicens,
536 1304 594 1341 adhuc
607 1305 644 1341 vita
660 1304 714 1352 longa
729 1303 773 1340 erit?
787 1303 833 1347 Quis

94 1361 141 1398 enim
155 1362 193 1406 scit,
208 1361 222 1398 si
236 1361 290 1410 longa
304 1362 348 1399 erit?
361 1362 383 1398 Et
396 1363 412 1399 si
424 1361 470 1400 bona
483 1376 518 1399 non
533 1363 614 1412 est‚qnid
627 1363 708 1412 prodest,
719 1361 768 1411 quod
779 1361 833 1411 longa

93 1420 187 1457 eritiSine
197 1421 233 1457 vita
242 1419 294 1465 bona,
303 1433 352 1457 mors
364 1420 435 1458 dicenda
446 1430 472 1459 est
482 1423 591 1460 conversatio
606 1422 690 1460 monacbi
702 1422 769 1471 potius,
780 1434 832 1470 qnam

93 1479 135 1517 vita.
148 1479 234 1517 Remedia
247 1479 302 1528 igitur
315 1481 441 1517 emendatioris
454 1482 505 1525 vitae,
521 1481 574 1518 nullis
588 1492 629 1529 sunt
643 1479 786 1518 cunctationibus
800 1481 833 1518 dif-

93 1537 172 1584 ferenda,
189 1552 211 1575 ne
221 1548 296 1587 tempus
310 1540 431 1577 conversionis
441 1551 500 1589 pereat
509 1540 595 1584 tarditate,
606 1554 645 1577 cnm
661 1541 695 1578 iam
710 1539 758 1577 nulla
771 1539 832 1578 dilatio

94 1597 198 1635 conceditur
211 1598 322 1647 poenitendi.
332 1599 369 1643 Qui
383 1600 430 1636 enim
440 1600 537 1648 poenitenti
547 1599 677 1648 indulgentiam
688 1599 776 1649 promisit,
787 1598 834 1636 diem

94 1658 191 1695 crastinum
205 1670 242 1695 non
255 1657 359 1706 spopondit.
372 1658 430 1696 Nemo
441 1659 499 1695 Deum
509 1660 573 1696 timens
588 1661 668 1697 converti
682 1658 742 1696 differt
755 1659 776 1695 ad
790 1672 832 1707 poe-

93 1716 195 1764 nitentiam,
209 1717 273 1754 necin
288 1718 385 1754 crastinum
399 1717 474 1755 salutem
488 1718 583 1768 prolongat
595 1718 708 1755 hodiernam.
722 1717 788 1755 Omnis
802 1732 832 1755 au-

93 1784 129 1812 tem
143 1775 199 1813 bomo
213 1776 271 1812 sciens
285 1789 304 1813 se
317 1776 335 1813 in
349 1777 413 1813 mentis
426 1777 517 1825 tepiditate
527 1778 653 1824 constitutum,
663 1777 693 1826 qui
703 1775 763 1813 differt
772 1790 832 1814 emen-

93 1834 184 1872 dationem
198 1836 245 1872 vitae
258 1835 280 1872 de
294 1834 322 1872 die
335 1836 353 1872 in
367 1835 419 1879 diem,
434 1848 464 1884 spe
478 1835 564 1885 longioris
577 1838 615 1874 aevi
632 1836 720 1886 decipitur
725 1851 730 1882 3
746 1837 831 1885 quoniam

92 1893 107 1930 si
121 1894 174 1931 sciret
188 1908 206 1931 se
219 1894 237 1931 in
252 1894 329 1931 crastino
342 1895 455 1938 moriturum,
469 1894 523 1931 hodie
536 1895 598 1944 procul
610 1894 665 1932 dubio
674 1903 753 1931 mutaret
766 1907 832 1943 propo-

93 1955 153 1991 situm.
167 1953 236 1990 Multos
251 1952 377 1990 miserabiliter
390 1953 459 2002 decepit
468 1967 508 2003 spes
517 1954 563 1990 vitae
572 1953 668 2002 longioris:
679 1953 710 2003 qui
719 1951 761 1989 dum
772 1966 831 1990 emen-

95 2014 186 2052 dationem
202 2012 343 2049 conversationis
356 2025 398 2049 suae
411 2012 490 2061 quotidie
504 2012 593 2057 differunt,
607 2012 668 2050 subito
681 2014 700 2049 in
713 2013 777 2049 mortis
790 2025 832 2061 pro-

94 2073 169 2110 fundum
183 2073 253 2110 cadunt.
268 2072 314 2117 Quis
328 2073 346 2109 in
359 2071 409 2109 vobis
423 2072 454 2117 est,
468 2072 541 2119 fratres,
556 2074 587 2122 qui
601 2085 638 2110 non
656 2082 722 2109 statuat
736 2072 753 2108 in
771 2073 831 2110 animo

93 2147 126 2170 suo
140 2132 267 2170 emendatioris
277 2133 324 2175 vitae
333 2145 422 2169 assumere
431 2133 548 2181 propositum,
559 2141 655 2181 antequam
664 2131 763 2168 moriatur?
772 2131 830 2169 Credo

93 2193 151 2238 enim,
170 2190 219 2241 quod
237 2191 359 2240 unusquisque
375 2201 453 2228 vestrum
471 2190 528 2228 adhuc
545 2191 633 2228 maiorem
650 2189 730 2228 intendat
748 2203 831 2228 exercere

93 2252 177 2300 pietatem
191 2250 213 2288 ad
226 2250 293 2296 Deum,
307 2250 410 2299 priusquam
424 2251 486 2287 naortis
500 2250 599 2299 periculum
613 2250 686 2287 incidat.
695 2249 717 2285 Et
727 2262 780 2298 quare
794 2260 830 2287 tam

93 2309 123 2347 diu
137 2309 247 2359 expectatis?
261 2309 322 2353 Quare
336 2308 357 2345 de
375 2309 402 2345 die
420 2310 437 2345 in
455 2309 502 2346 diem
520 2309 606 2346 differtis?
623 2310 674 2356 Ecce,
689 2309 719 2357 qui
732 2321 779 2345 nunc
793 2310 831 2346 sani

90 2369 156 2413 vivitis,
171 2379 187 2406 et
200 2381 237 2405 non
251 2368 297 2405 datis
310 2380 343 2405 vos
356 2367 377 2404 ad
390 2368 487 2417 spiritualia
501 2369 584 2406 exercitia
597 2368 653 2405 divini
666 2368 745 2414 amoris,
760 2368 830 2417 qnando

92 2428 174 2478 potestis
184 2438 201 2465 et
212 2428 304 2464 Dominus
317 2428 405 2475 patienter
418 2437 502 2476 expectat,
515 2429 575 2465 veniet
588 2428 626 2465 dies
639 2422 737 2476 unicuique
750 2436 831 2464 vestrum

94 2498 179 2532 extrema,
193 2498 211 2524 et
226 2487 262 2523 iam
275 2479 366 2535 properat,
380 2487 398 2523 in
412 2500 444 2536 qua
458 2498 563 2537 perurgente
577 2488 640 2537 angelo
654 2488 727 2532 mortis,
742 2488 831 2526 auferetur

95 2546 168 2584 avobis
187 2556 277 2596 potestas,
296 2546 346 2582 cuius
364 2545 445 2583 effectum
462 2547 566 2585 tantundem
579 2548 680 2586 distulistis.
693 2547 746 2585 Unde
760 2549 831 2596 iterum,

95 2615 148 2657 atque
163 2606 228 2645 iterum
242 2618 275 2643 vos
288 2617 338 2655 rogo,
348 2603 417 2653 fratres,
427 2615 486 2657 etqua
495 2619 568 2656 possum
578 2608 673 2646 sedulitate
682 2607 779 2654 admoneo,
789 2621 832 2646 con·

98 2667 165 2706 vertite
178 2665 210 2705 vos
225 2665 245 2704 ad
259 2665 359 2704 Dominum
377 2665 436 2704 Deum
452 2675 533 2706 nostrum
551 2669 569 2705 in
586 2678 626 2707 toto
642 2667 695 2706 corde
708 2676 775 2713 vestro,
789 2667 831 2706 dum

868 954 940 981 Monachus

852 998 870 1015 ne
889 989 939 1015 dirre-

852 1030 871 1050 rat
883 1024 940 1058 tempori

852 1059 913 1093 irrepenti
920 1067 941 1085 oc·

853 1102 909 1120 currere.

853 1142 902 1169 Eccles.
912 1148 923 1176 ς.
956 1177 958 1179 ‚

865 1968 897 2002 Spes
904 1969 937 1995 vitae

853 2002 936 2037 longioris

850 2038 900 2098 Itptpltos
913 2039 938 2065 fal·
