1968 3023
363 146 439 185 Horuilt'a
452 145 520 183 XVIII.
775 154 806 192 131
855 178 856 184 ,

76 228 176 267 Perfectum
191 229 321 267 emendationis
335 241 406 278 capesse
420 227 539 277 propositum,
554 237 571 263 et
585 225 663 275 intellige
675 226 759 275 quoniam
773 238 808 261 non

75 289 201 339 incipientibus
215 289 287 333 bonum,
301 289 331 327 sed
345 285 499 338 perseverantibus
514 299 570 336 usque
584 286 600 322 in
615 285 667 323 finem
678 285 808 335 repromittitur

75 362 152 399 regnum
165 350 262 388 coelorum.
277 350 325 387 Scito
335 350 395 395 etiam,
404 347 451 397 quod
466 361 502 384 non
515 346 619 395 pervenitur
629 347 698 392 inertia,
709 355 726 382 et
735 354 808 393 torpore

76 408 97 446 ad
111 410 188 454 coelum,
203 409 233 447 sed
247 409 306 447 labore
320 423 396 458 magno,
410 418 473 445 conatu
488 407 586 444 uoluntatis
599 405 703 455 proficiendi
720 406 808 450 rantximo,

75 480 93 506 et
107 470 166 507 studio
180 470 259 507 exercitii
273 469 367 518 spiritualis
384 467 478 505 indefesso.
493 467 561 505 Volens
575 467 630 515 igitur
643 467 722 503 Domino
736 465 807 507 seruire¹

75 543 95 566 ac
109 529 182 579 placere,
192 530 210 567 in
221 530 294 566 veritate
307 542 377 578 semper
390 528 468 565 consiste
481 527 528 576 apud
541 527 657 575 temetipsum
670 526 742 575 pavidus
756 526 773 561 in
787 525 808 561 ti-

75 602 132 635 more,
147 599 164 626 et
179 602 262 639 praepara
276 589 351 626 animam
365 598 413 625 tuam
423 588 444 625 ad
456 588 580 624 tentationem.
593 585 719 623 Resistendum
733 595 759 621 est
773 583 807 621 for-

74 650 115 685 titer
128 649 233 687 inordinatis
250 647 337 692 motibus,
354 658 370 684 et
387 647 536 696 concupiscentiis
554 647 622 683 carnis:
641 644 764 682 reluctandum
782 655 807 681 est

74 709 134 746 animo
151 708 296 746 constantissimo
309 707 443 753 blandimentis,
457 716 475 743 et
488 704 595 743 vanitatibus
612 705 666 742 seculi
684 705 761 742 cunctis:
778 718 808 753 per

74 769 163 805 orationes
177 778 195 804 et
206 767 369 816 magnanimitatem
384 767 461 814 spiritus,
472 765 559 815 fugandus
570 775 595 802 est
604 764 681 802 daemon
694 774 764 802 nostrae
778 763 807 800 ad-

74 828 163 864 versarius
181 826 247 864 salutis
265 827 324 863 Nemo
341 825 475 870 somnolentus,
493 827 554 875 piger,
573 825 662 862 acidiosus
679 837 755 874 unquam
774 824 807 860 Dei

75 887 156 936 pervenit
170 886 191 923 ad
205 898 287 934 regnum:
302 899 355 922 nemo
369 886 406 922 sine
422 884 482 922 labore
496 886 592 928 continno,
607 896 623 921 et
637 885 697 922 multis
712 883 806 922 sudoribus

74 944 150 982 obtinuit
164 945 240 982 coelum.
254 945 301 981 Dicit
319 945 366 981 enim
384 944 400 980 in
416 955 477 981 sancto
495 943 593 992 Evangelio
610 944 708 982 Dominus:
724 944 806 993 Regnum

74 1005 107 1041 Dei
121 1005 159 1041 vim
172 1005 247 1053 patitur,
262 1014 278 1040 et
291 1003 375 1050 violenti,
388 1003 423 1040 hoc
437 1014 463 1039 est
476 1003 506 1052 qui
523 1002 574 1039 malis
588 1003 736 1051 concupiscentiis
750 1005 807 1041 carnis

73 1074 162 1101 noverunt
176 1064 257 1101 resistere
271 1072 380 1109 constanter,
398 1063 468 1112 rapiunt
486 1062 534 1100 illud,
553 1062 646 1099 Revolvite
664 1065 744 1100 omnium
759 1075 807 1111 gesta

74 1132 182 1167 sanctorum,
191 1132 208 1160 et
217 1135 304 1171 nusquam
314 1122 407 1174 invenietis
415 1121 493 1171 aliquem
503 1122 540 1158 sine
550 1134 621 1170 magno,
631 1133 647 1159 et
655 1124 740 1159 continuo
747 1121 806 1159 labore

74 1182 210 1220 sanctificatum.
224 1182 270 1219 Nam
282 1192 298 1219 et
308 1182 322 1218 si
330 1195 383 1219 nemo
397 1180 427 1217 fiat
438 1190 509 1217 sanctus
519 1178 585 1217 viribus
601 1182 645 1226 suis,
657 1190 715 1218 tamen
725 1181 806 1229 omnipo-

74 1243 127 1279 tentis
135 1243 208 1280 Domini
216 1243 294 1292 gratiosa
303 1243 400 1288 miseratim
407 1255 457 1291 quae,
466 1251 483 1278 et
491 1242 603 1279 voluntatem
611 1240 731 1280 benefaciendi
742 1251 807 1279 certan-

73 1301 119 1339 tibus
129 1312 207 1352 praestat
217 1312 233 1339 et
242 1303 294 1349 vires,
303 1304 393 1339 neminem
403 1301 500 1339 sanctificat
510 1302 547 1339 sine
557 1301 640 1350 operibus
650 1301 713 1349 bonae,
723 1313 739 1339 et
749 1311 806 1339 rectae

73 1360 178 1400 voluntatis.
192 1362 237 1399 Cum
251 1374 294 1410 ergo
307 1362 356 1399 Deus
369 1360 411 1398 velit
421 1361 480 1398 salvos
493 1360 531 1398 fieri
548 1373 610 1398 omnes
620 1361 707 1405 homines,
722 1370 739 1397 et
752 1362 806 1398 nerni-

72 1433 113 1457 nem
122 1421 184 1468 perire,
194 1419 244 1458 nobis
254 1419 316 1457 fratres
326 1421 366 1465 mei,
376 1433 491 1468 summopere
502 1419 601 1457 cavendum
611 1429 644 1465 est,
652 1433 674 1456 ne
683 1421 758 1469 gratiam
768 1420 805 1457 eius

73 1481 91 1516 in
100 1493 175 1517 vacuum
185 1481 296 1528 recipiamus,
307 1480 337 1518 sed
348 1480 449 1518 enitendum
460 1481 519 1530 potius
530 1479 597 1517 viribus
612 1481 659 1527 totis,
667 1492 752 1530 quatenus
762 1482 805 1517 tanti

72 1540 136 1577 satoris
145 1540 228 1589 gratuitis
237 1539 288 1577 donis
295 1539 349 1577 veluti
359 1552 400 1590 ager
408 1539 476 1584 fertilis,
485 1554 506 1577 en
514 1539 598 1589 operibus
605 1539 661 1577 bonae
669 1540 764 1577 voluntatis
772 1540 806 1577 fru-

73 1598 130 1636 ttibus
140 1613 209 1648 semper
221 1599 359 1647 respondeamus
371 1599 470 1648 condignis.
481 1601 578 1636 Armenius
590 1613 623 1637 nos
635 1601 689 1650 igitur
698 1610 749 1637 scuto
759 1600 805 1645 fidei,

72 1669 89 1696 er
103 1658 197 1696 induamus
211 1659 284 1696 loricam
302 1660 416 1703 constantiae,
429 1673 448 1696 ac
461 1661 557 1708 patientiae
573 1660 659 1706 salutaris,
676 1671 695 1697 ur
708 1657 805 1710 praeparati

71 1718 154 1755 adversus
168 1719 233 1763 onmia,
247 1731 291 1766 quae
304 1717 354 1755 nobis
367 1717 446 1755 accidere
460 1730 542 1767 possunt,
558 1732 588 1767 per
602 1720 726 1763 humilitatem,
739 1729 756 1756 et
772 1721 805 1756 fer-

71 1789 133 1813 vorem
147 1773 203 1813 sancti
212 1777 290 1824 spiritus,
300 1777 394 1814 adiuuante
402 1777 482 1814 Domino
492 1788 555 1815 nostro
567 1778 606 1814 Iesu
616 1778 696 1824 Christo,
707 1779 804 1815 vincamus.

71 1836 91 1873 In
105 1835 187 1873 omnibus
201 1835 228 1873 his
241 1836 326 1884 patientia
338 1836 388 1874 nobis
399 1837 476 1874 multum
490 1847 516 1874 est
529 1839 633 1881 necessaria,
644 1839 681 1875 sine
691 1839 740 1875 cuius
750 1839 805 1875 :admi-

41 1939 42 1942 ,
71 1895 131 1932 niculo
144 1895 192 1933 nulla
206 1908 283 1944 unquam
297 1896 336 1942 fuit,
351 1897 378 1933 vel
392 1909 431 1933 esse
443 1898 502 1945 potuit
515 1898 533 1933 in
547 1896 630 1945 operibus
644 1897 700 1942 bonis,
711 1908 728 1935 et
741 1899 805 1934 sanctis

70 1956 207 2003 perseverantia.
221 1955 284 2004 Neque
298 1956 345 1992 enirn
358 1957 386 1993 via
400 1957 465 1993 sanctis
479 1956 500 1993 ad
514 1957 585 1994 coelum
599 1956 637 1999 fuit.
650 1959 689 2005 alia,
709 1971 761 2008 quam
775 1972 805 2007 pa-

71 2014 142 2052 tientia:
157 2027 214 2063 neque
228 2013 331 2051 sanctificari
344 2027 423 2065 unquam
437 2016 501 2064 potuit,
511 2018 542 2065 qui
554 2017 658 2065 patientiam
668 2017 737 2054 abiecit.
746 2017 805 2053 Enim-

70 2084 113 2109 vero
126 2082 215 2122 quotquot
228 2074 345 2121 omnipotenti
358 2074 396 2110 Deo
410 2073 515 2121 placuerunt
528 2073 548 2110 ab
559 2074 632 2112 exordio
646 2075 707 2112 mundi
720 2077 804 2125 usquein

71 2132 116 2169 hanc
129 2143 209 2171 nostram
223 2142 303 2178 aetatem,
318 2147 353 2171 non
367 2134 422 2177 aliter,
436 2147 490 2183 quarn
505 2148 536 2183 per
549 2135 654 2183 patientiam
668 2145 727 2173 contra
742 2136 803 2173 mundi

71 2193 170 2241 principem
183 2193 320 2241 triumpharunt.
333 2194 385 2231 Unde
398 2193 441 2230 illud
455 2194 557 2242 psalmistae
571 2208 633 2232 omnes
643 2195 700 2233 dicere
710 2208 762 2245 quam
776 2209 803 2232 re·
824 2206 857 2231 Psat.
867 2215 888 2240 43.

71 2252 149 2289 ctissime
162 2262 266 2301 potuerunt:
280 2252 354 2301 Propter
367 2263 385 2290 te
398 2252 529 2289 mortificamur
542 2262 580 2290 tota
594 2253 626 2298 die,
641 2255 727 2291 aestimati
741 2268 802 2291 sumus

70 2312 116 2348 sicut
134 2325 176 2349 oves
193 2312 295 2349 occisionis
312 2312 436 2349 Sanctissirnus
454 2325 525 2362 quoque
542 2313 641 2360 Apostolus
659 2314 725 2351 Christi
738 2314 803 2351 Paulus

70 2381 151 2408 veterum
165 2384 309 2408 connuemorans
323 2372 425 2420 patientiam
439 2383 548 2417 sanctorum,
558 2373 604 2409 inter
618 2383 685 2410 caetera
699 2374 750 2420 dicit:
765 2374 802 2411 Cir·
825 2390 864 2415 Heba.
876 2398 896 2415 ῃ,

70 2431 170 2467 cumierunt
184 2431 201 2467 in
215 2430 292 2477 melotis,
306 2432 323 2467 in
337 2430 410 2479 pellibus
425 2432 506 2479 caprinis
523 2442 602 2481 egentes,
622 2435 723 2482 angustiati,
737 2433 802 2478 alilicti¹

69 2488 133 2539 quibus
147 2490 210 2539 dignus
224 2503 259 2527 non
274 2501 310 2527 erat
319 2490 401 2536 mundus,
411 2491 428 2526 in
438 2490 564 2528 solitudinibus
579 2501 664 2538 errantes,
673 2493 690 2529 in
705 2492 803 2541 montibus,

70 2550 88 2585 in
102 2548 197 2597 speluncis,
211 2558 227 2586 et
242 2550 258 2585 in
272 2550 350 2586 cavernis
364 2559 426 2587 terrae.
441 2550 510 2587 Omnes
525 2552 578 2594 enim,
588 2552 618 2600 qui
632 2552 695 2589 volunt
705 2554 733 2601 pie
743 2554 804 2591 vivere
826 2572 838 2590 2.
847 2564 883 2592 Tnn.
893 2573 906 2597 3.

69 2609 87 2644 in
100 2608 179 2654 Christo,
192 2609 333 2656 persecutionem
344 2610 439 2658 patiuntur,
449 2611 539 2658 quoniam,
548 2611 593 2647 sicut
603 2611 626 2647 ait
635 2613 727 2660 propheta¹
738 2613 804 2650 inultae
826 2629 860 2656 pta,
871 2639 890 2664 tt·

68 2679 109 2704 sunt
121 2666 243 2704 tribulationes
258 2669 349 2712 iustorum,
363 2680 379 2706 et
393 2668 414 2705 de
427 2669 510 2706 omnibus
524 2669 552 2707 liis
566 2669 646 2708 liberabit
660 2685 690 2709 eos
705 2674 800 2711 Dominus.
