1968 3023
142 144 177 192 278

311 224 325 253 G

141 322 228 352 Gelrennae
238 322 322 352 inferorum
334 322 390 359 forma,
401 331 436 359 207.

141 372 195 401 Gratia
206 371 236 402 Dei
247 371 303 409 quibus
317 372 338 402 de
351 372 402 403 causis
414 372 494 402 subtraha-

165 426 195 458 tur,
207 431 240 459 219.

140 471 195 501 Gratia
205 471 263 502 amissa
273 471 355 509 quomodo
362 471 450 510 recipiatur,
459 481 493 501 222.

141 520 206 551 Gratiae
212 520 297 559 spiritualis
304 512 373 558 cognitio
379 521 460 558 quomodo
467 520 494 550 ha·

164 570 225 606 beatur,
236 578 269 606 214.

140 619 211 649 Gratiam
221 619 252 650 Dei
262 629 272 648 a
282 619 384 657 suggestione
399 619 457 649 diaboli
471 619 493 649 di-

165 669 247 699 scernendi
257 677 288 706 ars,
300 671 333 700 216.

130 717 230 748 'Gratiarum
240 718 281 748 actio
293 719 355 755 quoties
366 719 420 748 Crucis
430 718 493 755 signum

164 767 231 797 occurrit
240 768 256 798 in
266 768 297 804 via,
308 770 332 805 83.

140 817 226 854 Gregorius
234 818 301 854 Magnus
307 816 379 847 Pontifex
386 827 457 847 summus
463 818 493 846 sub

163 868 263 896 anathemate
277 866 356 904 prohibuit
369 866 464 896 hlonasteria
477 866 493 895 in

164 925 202 946 usus
212 916 291 946 transferri
300 916 409 953 saecularium,
421 925 455 953 ²³5·

141 965 236 1002 Gregorium
242 966 318 1002 lllagnum
323 966 414 996 Pontificem
419 966 493 995 Summrrs

164 1014 255 1044 exsuscitari
266 1018 339 1051 peroptat
345 1018 400 1044 auctor
407 1014 427 1044 ad
435 1013 494 1044 ordinis

164 1064 185 1093 D.
197 1063 277 1093 Benedicti
287 1064 421 1101 reformationem,
432 1072 465 1101 235.

140 1113 214 1150 Gregorii
225 1113 278 1150 Magni
291 1114 343 1151 Papae
353 1114 415 1143 labores
427 1122 456 1150 pro
467 1113 493 1143 ob·

164 1162 242 1192 servantia
257 1163 321 1200 regulae
335 1164 355 1192 D.
371 1164 388 1192 P.
404 1161 493 1197 Benedicti,

166 1220 199 1248 ²35·

140 1261 240 1298 Guglielmus
248 1262 303 1291 Abbas
310 1261 370 1291 ordinis
377 1262 396 1291 D.
405 1262 421 1290 P.
428 1260 493 1291 Benedi-

164 1310 184 1340 cti
195 1309 211 1340 in
221 1311 316 1340 Alemannia
326 1311 424 1347 reformator,
434 1319 468 1347 235,
487 1307 489 1312 ’

308 1450 325 1479 Η

115 1565 116 1568 ’
141 1560 194 1589 Homo
204 1559 309 1589 advirtutem
319 1562 371 1595 natus,
383 1568 416 1596 ²09·

140 1609 194 1638 llorae
202 1608 291 1638 Canonicae
303 1617 331 1638 cur
340 1608 361 1638 ab
371 1608 448 1645 aliquibus
458 1607 492 1637 sine

162 1658 248 1688 devotione
258 1658 372 1695 persolvantur,
384 1659 418 1687 268.

140 1708 244 1737 llortamenta
251 1707 294 1745 apud
302 1708 352 1737 malos
362 1716 394 1736 non
403 1706 492 1744 proficiunt,

162 1756 192 1786 nisi
202 1757 246 1786 iactis
257 1756 374 1792 confirmentur,
385 1765 419 1793 241,

139 1805 223 1835 iiumilitas
234 1805 304 1835 omnium
312 1805 386 1835 virtutum
395 1814 458 1842 nervus,
466 1806 490 1835 82.

101 1847 102 1850 ¹
139 1855 223 1885 iiumilitas
234 1859 292 1892 quanta
302 1854 356 1891 virtus,
369 1856 401 1885 180.

139 1904 223 1934 iiumilitas
232 1905 276 1934 velut
286 1903 326 1941 pixis
336 1903 419 1940 quaedam,
428 1904 453 1933 vel
463 1913 490 1940 pe-

161 1963 190 1983 nus
201 1953 271 1983 omnium
282 1953 362 1989 virtutum,
374 1962 406 1990 219.

138 2002 222 2033 llumilitas
235 2012 267 2032 una
277 2004 351 2032 Satanam
365 2002 444 2040 profligat,
455 2011 489 2039 215.

104 2048 106 2054 ’
138 2052 222 2082 iiumilitas
232 2052 259 2081 ubi
269 2052 352 2089 sapientia,
364 2060 397 2088 137.

137 2101 234 2131 iiumilitatis
245 2102 314 2131 maxima
324 2100 447 2138 commendatio,
456 2110 488 2138 135.

138 2147 222 2180 llumiiiias
233 2150 333 2180 obedientiae
344 2154 399 2186 mater,
411 2158 445 2186 141.

137 2199 227 2236 iiumilitas,
235 2195 283 2237 quain
294 2200 382 2230 necessaria
390 2199 489 2237 potissimum

162 2249 246 2286 nronacho,
258 2252 292 2285 138.

137 2298 221 2328 iiumilitas
235 2308 306 2335 summa,
317 2303 333 2329 et
343 2299 427 2336 praecipua
440 2299 489 2329 virtus

160 2349 280 2385 monachorum,
293 2357 325 2385 133.

137 2397 222 2428 l·lumilitas
228 2407 271 2433 vera,
278 2408 309 2427 non
317 2397 355 2435 quid
364 2398 409 2434 adsit,
416 2399 444 2428 sed
451 2399 488 2436 quid

159 2447 200 2477 desit
211 2447 239 2477 sibi
251 2440 347 2484 considerat,
359 2456 391 2484 134,

135 2496 220 2527 iiumilitas
230 2506 277 2533 vera,
291 2507 340 2534 quum
353 2498 400 2527 faciat
413 2498 487 2535 maxima,

159 2546 180 2576 de
191 2556 209 2576 se
219 2546 266 2576 sentit
276 2547 368 2584 humillima,
381 2556 426 2588 135„

135 2596 232 2626 Humilitatis
243 2606 290 2627 verae
300 2597 357 2626 indicia
368 2606 414 2633 quae,
427 2606 460 2635 192,

137 2646 233 2676 Humilitatis
243 2656 297 2685 pugna
306 2656 343 2677 curn
353 2647 432 2684 superbia,
444 2656 477 2684 139.

443 143 494 183 ludex
507 144 580 182 uurnirmr

531 224 616 255 iiumilitas
623 225 687 262 parendi
695 225 732 254 nihil
743 234 774 255 non
785 224 849 261 obtinet,
858 233 880 262 55.

531 274 640 304 Humilitatem
653 275 685 315 (ad)
700 283 740 312 quae
752 284 776 304 res
789 278 880 312 provocent,

556 325 589 360 136.

531 373 616 403 iiumilitas
626 372 703 411 passionis
712 372 769 403 Christi
782 382 843 403 summa
853 373 881 402 hu-

555 421 624 451 militatis
634 426 696 452 nostrae
706 423 767 452 occasio
778 426 807 457 est,
819 424 852 459 136.

530 471 621 507 Humilitas,
630 476 645 501 et
656 471 745 502 obedientia
752 472 786 501 alae
793 471 839 507 duae,
848 471 881 508 qui-

555 522 584 551 bus
595 521 625 550 itur
635 520 655 550 ad
666 520 737 556 Coelum,
750 529 782 558 141,

530 569 599 600 Humilis
614 569 711 606 obedientia,
726 573 742 599 et
757 570 832 607 charitas,
848 569 881 599 duo

555 620 594 650 haec
607 619 636 648 nisi
650 619 710 657 adsint,
722 619 759 649 nihil
773 623 835 649 coetera
845 628 881 656 pro·

554 672 595 706 sunt,
607 671 640 699 216.

700 769 708 798 1

530 866 594 903 Ieiunia,
603 876 643 904 quae
653 866 716 896 taudem
727 866 819 901 necessaria,
831 870 847 896 et
857 875 881 896 sa·

554 917 614 953 lutaria,
627 918 659 946 108.

530 965 607 995 Ieiunium
617 965 632 995 in
642 966 689 995 sacris
699 965 753 996 litteris
760 964 880 995 commendatis-

569 1015 631 1050 sirnurn,
644 1024 676 1045 roo.

530 1064 607 1094 Ieiunium
621 1066 733 1096 monachorum
744 1065 786 1102 quod
797 1065 879 1102 optimum,

556 1123 589 1146 roe.

530 1163 606 1194 Ieiunium
623 1164 704 1194 vicennale
721 1163 802 1194 cuiusdam
820 1163 881 1193 Nicolai

555 1212 629 1249 Helvetii,
641 1214 673 1243 106,
834 1216 835 1219 ’

530 1262 615 1300 Impietatis
629 1271 726 1300 progressus,
737 1263 760 1298 84.

530 1312 624 1349 Imploratur
635 1313 655 1341 ab
668 1315 731 1341 auctore
743 1311 818 1340 auxilium
829 1311 849 1340 D,
861 1311 878 1340 P,

554 1362 613 1391 Bened.
623 1371 652 1398 pro
662 1360 771 1391 reformatione
782 1361 805 1390 sui
814 1359 878 1395 ordinis,

554 1413 588 1447 269,

530 1460 615 1497 lmprobis,
628 1460 671 1497 quod
684 1459 763 1497 publicum
777 1463 805 1495 est,
820 1459 879 1489 licitum

553 1509 620 1546 videtur,
634 1511 667 1545 238.

529 1558 606 1596 Impunita
613 1558 681 1596 nequitia
689 1558 740 1588 multis
748 1558 829 1588 audaciam
835 1567 879 1596 prae-

553 1610 580 1637 bet
590 1607 696 1645 delinquendi,
707 1616 741 1644 231.

529 1657 643 1693 infestationes,
651 1660 667 1686 et
675 1657 715 1686 bella
722 1666 753 1686 nou
761 1661 835 1686 excusant
842 1666 880 1694 apo-

553 1706 614 1743 tasiam‚
626 1715 660 1743 ²51·

528 1757 546 1785 In
557 1756 625 1792 ingratos
636 1755 736 1792 redemptori,
749 1764 781 1792 115.

528 1807 545 1835 ln
556 1806 661 1842 impatientes,
672 1805 700 1834 sed
711 1805 818 1841 iactabuudos,
830 1813 863 1841 125.

528 1856 545 1884 ln
556 1854 635 1884 instabiles
645 1853 737 1890 monachos,
749 1856 781 1890 146.

527 1904 616 1945 institutum
626 1903 695 1933 rectioris
705 1903 752 1939 vitae,
763 1906 787 1941 98.

528 1955 595 1983 Ioannes
603 1953 671 1990 baptista
679 1953 752 1991 Princeps
759 1953 878 1990 monachorum,

551 2011 576 2039 4ο.

527 2052 590 2082 ioannis
602 2051 640 2082 Trit.
652 2053 699 2082 ardor
708 2052 748 2082 circa
759 2052 822 2088 litteras
833 2061 858 2089 30.

527 2103 545 2131 ln
556 2101 625 2131 irrisores
635 2103 713 2131 bonorum
723 2111 794 2139 operum,
805 2110 829 2138 75.

526 2151 581 2180 ludicii
586 2151 654 2188 supremi
660 2150 712 2187 imago
718 2160 781 2188 semper
786 2161 823 2189 prae
829 2151 878 2181 oculis

551 2201 628 2236 habenda,
640 2202 674 2230 206.

526 2251 561 2279 lure
574 2249 631 2279 Divino
641 2249 699 2279 violato
712 2249 754 2279 nulla
765 2249 813 2279 virtus
825 2254 877 2287 potest

550 2299 639 2336 subsistere,
651 2301 683 2334 238.

526 2348 596 2378 lustitiae
607 2348 682 2384 definitio,
694 2351 725 2379 260,

526 2398 585 2428 lustitia
592 2399 635 2427 velut
642 2398 710 2434 epitome
718 2398 796 2435 quaedam
806 2399 877 2429 omnium

550 2448 630 2483 virtutum,
643 2449 675 2477 181,

525 2497 585 2527 lustitia
598 2497 675 2526 muniatur
688 2497 732 2528 miles
745 2498 850 2535 Christianus,
861 2503 877 2529 et

550 2556 628 2584 quaenam
639 2556 657 2576 ea
667 2547 692 2583 sit,
704 2557 728 2578 2ο.

525 2598 585 2628 lustitia
596 2598 712 2633 monachorum,
723 2607 769 2635 quae,
781 2608 805 2628 21.

515 2648 600 2686 iustitiae,
611 2648 644 2678 sive
655 2648 737 2678 Charitatis
747 2649 810 2686 gradus,
823 2651 854 2679 182.
