1968 3023
321 106 362 142 prior
377 92 493 130 memorabilia
506 92 543 128 visa
557 98 600 129 suut.
798 91 830 126 281

89 173 172 203 Paradisus
182 173 197 203 in
207 173 270 203 sinceris
281 172 385 209 ltlonasteriis‚
396 180 421 209 42.

89 224 154 253 Pascere
164 232 201 252 suos
211 223 265 259 verbo,
276 222 355 259 exemplo,
366 222 441 252 alimento

114 272 150 302 boni
161 272 228 302 Pastoris
238 272 311 308 officium,
323 274 357 302 262.

89 322 162 358 Pastoris,
174 326 189 352 et
199 322 265 352 Abbatis
275 330 337 358 rannus,
350 331 373 353 11.

88 372 165 402 Passionis
180 372 267 402 dorniuicne
281 372 356 401 memoria
371 370 441 408 quotidie

112 421 241 458 peragendacum
246 421 401 459 gratiarmnactioue,
409 423 440 450 188.

88 471 163 501 Paternae
173 470 274 500 solicitudinis
285 470 342 507 imago,
355 478 379 507 74.

89 521 151 550 Patrum
166 524 236 550 veterum
255 520 353 550 conversatio
370 519 440 549 omnium

111 569 186 599 virtutum
192 570 276 607 splendore
283 569 337 606 siguis,
345 574 360 599 et
370 569 440 599 doctriua

112 618 180 656 illustris,
191 629 226 656 231.

88 669 151 698 Patrum
167 669 267 706 antiquorum
283 668 356 698 sauctitas
374 668 440 705 relrIxit,

112 723 159 755 ratque
171 719 211 748 adeo
222 718 267 756 periit
277 718 293 747 in
303 718 343 755 filiis¹
357 721 388 755 185.

88 769 141 798 Patres
156 768 235 805 religionis
251 767 271 797 ad
286 767 334 805 ipsius
344 767 441 797 rcforrnatio-

112 827 148 848 uem
159 819 229 847 bortatur
238 822 297 853 auctor,
309 826 341 853 231.

88 867 173 898 Patientiae
184 867 241 904 gradus
252 871 287 901 tres,
300 876 332 903 132,

88 917 168 954 Patientia,
180 921 195 946 et
205 916 314 950 mansuetudo,
326 925 358 954 123.

87 967 163 996 Patientia
182 976 213 1003 qua
228 965 258 995 Dei
277 967 327 995 cultus
345 966 440 1003 negligitur,

112 1016 158 1053 mala,
170 1025 202 1052 257.

88 1066 174 1103 Pauperern
185 1059 247 1095 beatum
261 1075 292 1094 non
303 1065 363 1102 iuopia,
375 1065 403 1095 sed
415 1075 440 1102 pa-

111 1115 170 1151 tientia,
181 1119 196 1145 et
207 1119 305 1152 corrtemptns
317 1115 381 1151 faciunt,
392 1125 406 1152 9.

87 1165 172 1201 Paupertas
185 1165 297 1194 coenobiorum
311 1174 342 1194 non
356 1169 380 1194 est
394 1173 440 1194 causa

110 1214 188 1244 sufficiens
199 1215 218 1244 ab
229 1214 283 1244 ordine
294 1214 398 1251 apostatandi,
406 1222 439 1250 251.

87 1263 152 1293 Peccata
163 1263 233 1300 qnotidie
244 1257 330 1301 expientur,
341 1266 366 1300 85.

87 1313 152 1343 Peccata
163 1314 224 1350 publica
234 1314 298 1343 Abbati:
309 1313 378 1350 priuata,
389 1317 405 1343 et
415 1322 440 1342 oc·

111 1364 152 1393 culta
162 1360 284 1393 confessionario
294 1363 389 1400 aperiantur,
400 1367 425 1399 87.

87 1412 169 1442 Peccatum
179 1412 254 1450 auertit-a
268 1411 312 1442 nobis
326 1408 395 1448 gratiam
404 1412 439 1448 Dei,

111 1466 127 1491 et
137 1462 217 1498 attullirun,
230 1470 254 1497 24.

87 1511 147 1540 Peccati
159 1511 211 1548 lugam
222 1520 299 1547 quaenam
312 1512 393 1547 suadeant,
405 1520 439 1547 205,

88 1561 170 1590 Peccatum
187 1560 321 1597 quemadmodum
337 1560 439 1597 fugiendum,

111 1619 145 1646 264.

87 1659 192 1688 Periculorurn
203 1659 282 1696 principiis
293 1659 393 1695 obstandum,
405 1667 439 1695 257.

86 1709 203 1738 Perseverantia
216 1709 294 1746 colophon
309 1709 378 1739 omnium
392 1709 439 1738 virtu-

111 1761 150 1794 tum,
163 1761 196 1795 133.

86 1807 157 1837 Placatur
167 1807 237 1837 oratione
248 1808 297 1843 Dens,
308 1808 374 1844 pecnnia
385 1809 438 1844 horna,

111 1858 144 1893 258.

86 1906 193 1936 Poerritentiae
212 1915 259 1935 verae
279 1910 345 1943 quatuor
368 1916 439 1937 necessa·

110 1955 138 1993 ria,
150 1958 175 1992 98.

87 2005 183 2035 Paenitentia
190 2014 227 2034 vera
235 2005 347 2035 monachorum
355 2015 402 2043 quae,
414 2014 438 2043 94.

86 2054 182 2084 Paenitentia
189 2064 206 2084 se
213 2064 260 2084 nemo
267 2054 309 2084 <licat
315 2064 346 2084 uon
352 2064 405 2092 agere,
414 2057 437 2092 96.

86 2104 182 2133 Paenitentia
189 2103 239 2140 magis
249 2103 265 2133 iu
275 2103 355 2141 patientia,
364 2114 412 2141 quam
423 2105 438 2134 in

110 2154 170 2183 actione
181 2153 256 2189 consistit,
268 2155 291 2182 88.

85 2202 198 2232 Paenitentiam
209 2212 255 2239 agere
266 2212 297 2231 non
304 2207 361 2240 potest,
369 2203 396 2240 qui
406 2204 437 2233 eul-

110 2261 147 2288 pam
157 2262 188 2282 uon
200 2252 273 2288 canescit,
285 2262 319 2289 239.

86 2302 169 2331 Pontifices
179 2302 235 2331 summi
246 2306 310 2339 quaten
318 2303 373 2332 ordine
381 2304 400 2333 D.
409 2305 437 2333 Be·

110 2351 173 2388 nedicti,
185 2362 219 2388 232.

86 2401 174 2430 Praefectus
184 2400 233 2437 qnnlis
244 2410 278 2430 esse
289 2400 351 2437 debeat,
364 2411 396 2438 113.

86 2450 199 2479 Praeficienilus
204 2450 236 2479 aliis
241 2450 291 2487 qualis
295 2460 330 2479 esse
334 2451 396 2488 debeat,
403 2454 435 2488 265.

85 2499 173 2528 Praelatum
188 2499 212 2528 cui
228 2500 314 2528 animarum
328 2509 364 2530 cura
380 2499 437 2529 insidet

109 2557 181 2578 seuerum
191 2553 254 2586 oportet
263 2558 303 2585 esse,
315 2554 331 2578 et
341 2550 390 2587 pinrn,
402 2551 435 2586 264.

85 2598 163 2628 Praelatus
176 2598 339 2636 clrcurnspectissirmrs
350 2600 375 2637 sit,
386 2601 410 2629 88.

477 170 543 202 Praelatl
550 171 649 202 subditorum
654 170 692 201 vitia
699 169 776 207 corrigere
784 168 833 206 negli-

502 224 557 258 gentes
568 221 584 250 iu
595 230 652 258 magno
663 224 699 250 suut
711 219 786 257 periculo,
798 221 832 254 246.

478 270 550 307 Praelati,
562 280 593 301 nou
600 271 651 300 solum
659 269 730 307 prositis,
738 268 766 298 sed
778 273 793 299 et
804 278 832 306 pro

502 320 601 350 subditorum
616 319 683 357 peccatis
698 328 738 356 [luae
754 319 832 355 corrigere

502 369 611 406 neglexerunt,
622 378 682 407 poenas
693 369 742 405 luent,
753 376 787 404 247.

477 418 586 449 Praesidentes
600 419 709 457 Capituiornm
724 417 793 454 zelosos,
805 417 832 446 da·

501 472 540 505 ctos,
552 473 568 499 et
578 472 668 499 mansuetos
682 477 717 498 esse
727 467 792 504 debere,
799 469 831 503 265.

477 519 569 549 Praetextus
578 522 685 556 apostatarum
694 525 786 547 aranearum
797 516 831 546 reti-

501 569 529 598 bus
540 569 634 605 persimiles,
646 576 680 605 252.

478 617 617 655 Ρι·2222212212225,
628 622 645 648 ut
655 617 675 647 ad
686 626 713 647 cor
723 617 793 653 redeant,
805 615 831 645 ad·

503 667 574 705 monitio,
586 676 619 705 234.

478 718 563 747 Pravorum
570 717 641 747 interitus
648 717 669 746 ad
676 719 746 746 mentem
756 715 831 745 reducen-

502 766 537 803 dus,
543 771 560 797 ut
567 759 625 797 coeteri
631 777 640 796 a
646 766 691 796 rnalts
698 765 791 802 abstineant,
799 773 831 801 242.

431 827 434 835 ‚
477 815 556 853 Principes
566 817 624 846 saeculi
635 816 706 846 ordinem
718 814 786 844 ditarunt
796 823 832 852 pra·

501 869 536 903 pter
546 867 659 896 monachorum
669 868 739 895 sanctam
750 873 831 894 conversa·

501 915 566 952 tionem,
578 926 611 952 232.

477 966 586 995 Procuratores
600 964 745 1002 Congregationum
758 963 774 992 iu
788 964 830 993 Urbe

502 1014 556 1051 quales
567 1024 602 1044 esse
612 1014 685 1050 debeant,
696 1017 712 1043 et
720 1013 765 1050 quale
776 1021 831 1043 eorum

502 1063 576 1101 officium,
587 1073 621 1101 259.

477 1113 577 1150 Propositum
592 1117 662 1144 sanctum
681 1111 751 1149 quotidie
767 1120 830 1141 renove-

501 1167 531 1198 tur,
543 1172 567 1200 33.
741 1171 742 1174 ’

477 1212 561 1242 Prudentia
572 1213 660 1242 Christiana
671 1212 714 1250 quid,
728 1214 760 1241 252.

477 1262 556 1299 Pugilibus
567 1263 658 1292 Christianis
669 1261 740 1291 imitandi
751 1261 830 1299 palaestri-

501 1315 526 1340 tae
537 1313 612 1348 cmrrales,
625 1320 648 1348 17.

478 1362 549 1397 Pugnare
559 1361 617 1392 debent
628 1361 700 1391 monachi
710 1360 788 1399 precibus,
799 1370 830 1390 uon

501 1410 553 1446 mitris,
565 1419 599 1447 242.

476 1459 585 1497 Purgatorium
596 1460 685 1490 desiderare
698 1470 718 1489 au
728 1459 779 1497 liceat,
790 1469 814 1497 92.

476 1509 596 1539 Pusiltauimitas
606 1510 621 1539 iu
633 1509 728 1539 couscientia
738 1509 780 1539 unde
791 1509 830 1539 oria-

502 1563 531 1596 tur,
544 1562 577 1596 269.

648 1660 661 1697 Q

476 1757 530 1793 Qualis
541 1757 607 1795 quisque
619 1762 651 1794 est,
663 1758 701 1787 tales
716 1761 731 1787 et
741 1757 780 1788 alios
791 1758 829 1787 iudi-

500 1811 530 1843 cat,
543 1816 576 1844 254.

646 1908 662 1936 R

476 2005 548 2035 Rebelles
559 2005 574 2035 iu
585 2005 661 2043 principio
672 2005 753 2041 domandi,
765 2008 798 2043 263.

475 2055 547 2084 Rebellia
562 2065 648 2093 paucorum
665 2055 762 2085 dissimulata
777 2055 830 2085 multis

499 2108 523 2134 est
534 2106 595 2135 occasio
606 2105 698 2141 reluctandi,
710 2107 745 2141 264.

475 2153 567 2184 Rectoribns
578 2155 664 2185 annnorum
676 2155 708 2184 vita
720 2154 830 2192 irreprehensi-

499 2203 538 2238 uilis,
545 2209 561 2234 et
572 2204 642 2234 doctriua
652 2204 728 2234 catlroIIca
736 2204 828 2242 necessaria,

500 2261 534 2290 270.
860 2291 862 2298 ,

474 2303 571 2333 Reformatio
579 2313 607 2341 per
614 2308 664 2333 totum
672 2303 744 2333 ordinem
751 2304 772 2333 D.
781 2306 829 2334 Beue-

498 2352 537 2382 dicti
547 2363 627 2390 nunqnam
638 2354 666 2383 luit
676 2353 758 2390 generalis,
770 2356 803 2391 ²3⁶-

474 2402 571 2432 Reformatia
582 2403 660 2440 quaelibet
671 2403 713 2441 (licet
726 2402 828 2442 sanctissima)

498 2450 527 2479 nisi
534 2451 597 2488 saepius
605 2455 694 2487 renovetur,
702 2451 786 2488 evanescit,
795 2453 828 2487 267.

474 2500 526 2535 Reges
537 2509 568 2529 non
576 2500 645 2536 gandent
653 2499 783 2530 destructionibus
794 2510 829 2530 cae-

498 2548 586 2586 nobiorum,
598 2558 632 2586 251.

473 2599 526 2635 Reges
536 2607 564 2628 sua
572 2602 665 2636 quaerentes
674 2599 712 2628 lucrl
723 2599 758 2637 plus
765 2600 828 2638 capiunt
