1968 3023
407 158 483 195 Humilia
496 157 532 195 XV.
805 167 836 203 103

105 240 177 290 quidem
191 240 281 288 debemus,
291 241 386 278 esculenta.
397 238 466 277 Cibaria
479 250 537 276 aurem
551 247 612 275 nostra
625 247 666 275 sunt
679 237 761 283 ordeum,
774 249 836 279 auena,
858 241 947 312 ,ffiffigiss

104 299 162 345 fabae,
177 303 219 350 pisa,
233 310 250 339 et
263 301 318 347 olera,
331 301 358 338 lac
370 312 449 350 quoque,
463 298 530 345 caseus',
543 308 560 334 et
573 310 614 351 oua,
629 297 655 334 En
668 298 695 334 his
708 299 755 334 vitae
766 307 838 334 nostrae
859 313 947 353 nemanso-s

105 360 207 408 quotidiana
225 361 332 410 percipimus
349 359 478 405 sustentacula,
495 370 571 407 quorum
589 370 611 394 ne
631 366 727 406 consurgat
740 356 837 398 fastidium,
859 346 948 414 {ssssffi‘mqffi

105 418 161 456 fames
175 420 236 457 incitat
249 420 354 469 appetitum.
372 419 432 455 Pisces
450 428 497 455 extra
515 427 585 465 tempus
603 416 665 453 ieiunii
681 415 838 465 quadragesimalis
860 416 948 477 Πζῑάῑὲῑιξξίᾞ

104 478 155 516 nobis
169 492 225 527 usque
239 478 282 516 adeo
296 489 337 516 sunt
351 479 390 522 tari,
404 488 424 514 ut
437 478 466 513 vin
479 478 496 513 in
510 489 571 513 rnense
580 474 635 512 semel
645 476 697 524 pauci
707 474 804 512 afferantur
817 488 839 511 cu
860 461 947 526 iitigmem

104 538 155 577 Nabo
168 538 249 584 flumine,
264 549 316 589 atque
329 539 451 576 minutissimi.
465 537 538 576 Nullum
557 549 582 574 est
600 537 618 573 in
636 546 673 573 tota
686 534 839 572 Bursfeldensiutn
860 526 927 546 ⁰⁵¹‘“‘“¹¹¹'

105 598 232 635 reformatione
242 597 348 635 coenobium
358 599 416 635 minus
426 599 444 634 in
452 597 526 646 piscium
535 597 640 634 necessitate
649 596 748 644 provisum.
756 594 790 632 Sed
797 607 840 631 riun-

105 657 147 707 quid
156 667 251 707 propterea
260 671 296 696 non
305 671 400 706 possumus
414 658 431 694 iu
440 657 492 706 gulae
501 657 565 694 vitium
574 650 657 700 incidere,
668 657 754 705 quoniam
763 655 840 692 lautiora
874 686 876 690 .

105 717 169 755 cibaria
183 731 219 755 uon
233 731 329 768 possumus
342 718 434 755 invenire?
446 717 543 754 Enimvero
557 729 597 752 cum
612 728 648 753 non
662 715 711 752 cibus
726 716 743 751 in
752 715 797 752 vitio
811 715 839 758 sit,
869 756 870 759 Ἴ

104 778 149 814 sicut
163 778 197 814 iam
212 777 279 814 dictum
293 787 325 821 est,
339 777 369 813 sed
382 777 481 825 appetitus;
494 789 529 813 raon
543 777 601 812 minus
616 776 704 824 pisorum,
716 784 745 812 aut
758 773 837 811 fabarum

105 846 195 873 comestor
208 836 226 873 in
240 835 307 873 edendo
321 845 380 884 potest
394 834 500 883 delinquere,
510 848 562 883 quam
575 834 610 878 ille,
620 835 650 884 qui
664 834 712 871 cibos
722 834 838 876 lautissimos,

104 907 121 932 et
135 895 233 944 exquisitos
251 897 344 932 consuevit
362 894 472 931 manducare.
490 895 530 931 Non
548 893 591 930 facit
607 906 640 931 nos
656 894 717 941 inopia
734 893 839 941 paenitusa

104 954 146 1003 gula
163 967 241 998 securos,
260 955 341 1003 quamvis
361 966 421 990 causas
442 954 510 990 minuat
531 954 549 989 in
567 952 700 989 delicatioribus
719 952 839 1001 delinquendi.

104 1013 195 1050 Habemus
209 1012 282 1062 quidem
295 1013 363 1049 victum
377 1010 482 1061 simplicem,
497 1022 514 1048 et
529 1013 645 1057 rusticanum,
661 1023 788 1061 quoutcunque
806 1025 838 1048 su-

104 1080 191 1109 stentetur
204 1081 273 1108 natura:
289 1071 324 1109 hoc
338 1083 406 1120 precor,
417 1071 479 1108 fratres
492 1072 534 1117 mei,
548 1083 638 1115 curemus,
648 1084 670 1107 ne
684 1070 722 1115 illo,
736 1070 784 1119 quod
797 1083 839 1107 nau-

104 1144 152 1168 seam
167 1131 245 1168 delicatis
259 1141 336 1180 generat,
352 1131 461 1167 conscientia
474 1139 534 1167 nostra
548 1143 579 1179 per
593 1143 685 1166 excessum
696 1129 793 1178 polluatur,
807 1129 839 1166 Su·

105 1203 175 1227 mamus
192 1203 232 1226 cum
248 1191 343 1238 patientia,
363 1200 380 1226 et
396 1192 491 1240 gratiarum
508 1189 577 1226 actione
593 1189 614 1226 de
632 1203 664 1235 eo,
685 1189 733 1238 quod
750 1190 839 1227 Dominus

104 1249 182 1294 donavit,
196 1260 283 1299 quantum
297 1250 392 1287 necessitas
405 1250 443 1298 ipsa
460 1250 542 1298 requirit3
560 1262 592 1285 nec
607 1260 691 1297 putemus
709 1247 774 1286 diaboli
788 1248 839 1286 nobis

104 1322 141 1346 non
154 1321 207 1357 posse
220 1322 285 1346 nocere
298 1308 376 1352 insidias,
391 1310 421 1358 qui
435 1309 503 1357 primos
517 1310 534 1346 iu
552 1308 635 1357 paradiso
652 1308 736 1346 homines
753 1320 789 1346 non
803 1308 839 1344 lau-

104 1368 150 1404 tiore
159 1367 205 1414 cibo,
214 1367 245 1405 sed
259 1366 338 1414 modico,
347 1377 364 1404 et
377 1367 408 1403 uili
421 1381 476 1416 pomo
490 1366 615 1416 supplantavit,
624 1368 667 1405 Non
677 1369 725 1405 enim
735 1368 753 1404 in
761 1366 801 1404 cibo
814 1367 840 1401 vi-

105 1427 150 1463 tium
167 1437 200 1471 est,
217 1427 248 1464 sed
265 1429 282 1464 in
298 1429 384 1477 appetitu,
402 1441 442 1464 cum
460 1438 490 1464 aut
506 1428 598 1465 interdicta
616 1427 667 1465 nobis
686 1428 838 1475 concupiscimus,

104 1497 134 1523 aut
148 1489 236 1524 concessis
250 1487 301 1525 avide
314 1487 401 1524 inhiantes
415 1487 465 1523 aliter
480 1487 556 1533 utimur,
571 1499 623 1536 quarn
638 1486 729 1524 debemus.
743 1488 839 1524 Neminem

105 1545 144 1595 plus
158 1545 208 1583 decet
221 1545 333 1592 abstinentia,
347 1559 400 1595 quam
414 1546 527 1592 monachum,
541 1547 570 1595 qui
585 1559 624 1583 cum
638 1548 661 1583 sit
675 1546 696 1583 ad
711 1546 778 1584 Christi
793 1547 840 1583 mili-

104 1606 147 1641 tiam
161 1605 261 1654 specialiter
273 1616 358 1651 vocatus,
371 1619 407 1642 nou
422 1606 503 1643 convenit
517 1607 554 1643 eius
568 1606 675 1655 professioni
689 1606 797 1656 quibuslibet
810 1619 841 1643 va·

105 1678 144 1702 care
157 1664 231 1702 deliciis.
240 1665 335 1713 Paupertas
348 1675 410 1702 nostra
423 1664 539 1702 abstinentiae
552 1665 604 1702 nobis
614 1667 703 1715 quandam
716 1666 839 1703 necessitatem
887 1670 947 1701 uenum

105 1724 176 1768 indicit,
190 1725 230 1773 quia
243 1734 293 1762 tauto
306 1737 339 1761 nos
353 1723 421 1761 facilius
434 1724 455 1761 ad
471 1726 608 1773 temperantiam
623 1738 720 1774 possumus
734 1725 840 1774 restringere
861 1706 948 1766 iiliiihiiiii

104 1792 171 1833 quanto
185 1796 224 1830 nos,
238 1797 273 1832 quo
287 1782 391 1829 delituimus,
401 1782 503 1820 deliciarum
516 1785 575 1821 minus
589 1797 685 1832 possumus
699 1786 785 1822 invenire,
795 1785 841 1822 Vet-
861 1775 948 1836 ζξηξίᾞζξ

105 1853 162 1880 tamus
177 1844 241 1892 itaque,
252 1855 319 1891 precor,
329 1843 432 1892 gravamina
446 1844 527 1892 egestatis
540 1844 558 1879 in
568 1856 616 1880 arma
625 1844 694 1888 salutis,
703 1855 722 1881 ut
731 1858 767 1893 quo
781 1845 840 1881 minus
868 1845 942 1887 {flbtltfflh

105 1902 209 1940 lautioribus
222 1902 313 1940 reficimur
327 1902 402 1948 cibariis,
418 1917 438 1941 eo
452 1904 513 1951 purius
526 1905 544 1940 in
558 1905 651 1941 sanctitate
665 1906 720 1942 animi
734 1905 839 1942 ieiunemus.
861 1886 927 1906 virtutem.

104 1963 179 2000 Facilius
193 1963 241 1999 enim
251 1963 269 1999 in
278 1972 381 2012 paupertate
391 1971 470 1999 servatur
478 1964 600 2011 temperantia,
610 1977 655 2013 quae
665 1965 683 2001 in
693 1964 759 2001 divitiis
768 1964 840 2013 quidem

104 2021 214 2071 periclitatur
228 2023 286 2060 citius.
296 2021 359 2066 Qualis
373 2032 432 2059 autem
445 2021 507 2059 debeat
519 2036 556 2060 esse
570 2021 618 2060 cibus
631 2024 768 2067 monachorum,
779 2023 840 2061 beatus
874 2057 876 2063 ,

105 2080 206 2118 marrifestat
220 2082 343 2129 Hieronymus
361 2081 421 2119 dicens
439 2081 456 2118 in
474 2081 549 2130 epistola
566 2074 649 2131 quadam
660 2082 681 2119 ad
695 2082 799 2119 Paulinum:
813 2083 839 2119 Sit

104 2140 150 2185 vilis,
165 2150 182 2177 et
196 2141 308 2189 vespertinus
322 2139 353 2177 tibi
367 2140 423 2186 cibus,
437 2140 486 2177 olera
501 2141 590 2186 videlicet,
604 2151 622 2178 et
635 2141 732 2190 legumina,
741 2141 839 2178 interdum-

104 2212 138 2248 que
151 2198 246 2247 pisciculos
260 2199 312 2236 edere
325 2212 392 2248 paucos
405 2213 437 2248 pro
451 2200 525 2236 summis
542 2199 594 2236 ducas
608 2200 681 2237 deliciis.
696 2200 733 2245 Qui
747 2200 839 2237 Christum

105 2256 199 2303 desiderat,
214 2267 231 2294 et
244 2257 275 2295 illo
290 2258 362 2295 caelesti
375 2271 419 2307 pane
434 2260 516 2303 vescitur,
530 2272 566 2296 tion
580 2260 648 2308 quaerit
661 2273 776 2308 magnopere,
787 2273 839 2309 quam

104 2317 125 2354 de
139 2318 225 2366 preciosis
239 2317 282 2354 cibis
296 2328 363 2355 stercus
377 2318 464 2356 conficiat.
474 2320 549 2356 Amator
559 2319 625 2357 Christi
637 2319 762 2356 abstinentiam
776 2319 839 2369 diligit,

104 2377 195 2421 ieiunium,
205 2388 224 2414 ut
238 2379 310 2415 unicum
325 2380 398 2422 animae,
409 2381 524 2428 corporisque
537 2379 636 2417 remedium
647 2381 696 2426 colit,
705 2393 777 2417 summo
791 2390 840 2417 cavet

63 2451 64 2454 ¹
104 2436 173 2483 studio,
186 2450 207 2473 ne
222 2450 252 2475 cor
265 2439 303 2474 eius
317 2448 400 2486 gravetur
418 2438 499 2487 crapula,
513 2452 545 2476 nec
559 2439 598 2487 plus
612 2440 667 2476 sumit
680 2439 772 2483 ciborum,
787 2452 840 2488 quam

104 2505 186 2533 contenta
195 2496 255 2542 paucis
265 2495 366 2544 expostulat
375 2506 442 2533 natura.
452 2496 550 2534 Monachus
564 2507 628 2542 autem,
639 2499 669 2546 qui
678 2497 765 2534 ieiunium
774 2496 841 2544 abiicit,

105 2556 134 2604 qui
143 2556 232 2591 nutricem
241 2554 330 2591 virtutum
343 2554 466 2592 abstinentiam
477 2555 520 2602 odit,
529 2557 558 2605 qui
569 2555 617 2594 cibos
628 2570 668 2593 cum
679 2556 770 2601 aviditate,
780 2558 841 2606 ingur-

104 2616 157 2663 gitat,
172 2615 201 2664 qui
214 2615 287 2661 vinum,
301 2624 331 2651 aut
344 2615 427 2659 siceram,
442 2625 459 2652 et
472 2615 557 2666 quicquid
570 2616 658 2654 inebriare
672 2625 740 2666 potest,
754 2617 775 2654 ad
789 2619 841 2654 satie-

104 2682 160 2711 tatem
174 2683 228 2723 potat,
242 2674 281 2721 ipso
296 2674 378 2711 monachi
392 2675 465 2712 nomine
478 2675 561 2725 indignus
575 2685 607 2722 est,
623 2686 640 2713 et
652 2676 719 2714 Christi
733 2689 769 2714 non
782 2686 841 2724 potest
