1968 3023
348 143 426 181 Humilia
439 142 485 180 XrX.
753 153 785 189 139

53 224 101 262 malo
113 227 243 275 perseverando
257 226 328 276 culpam
341 239 377 264 non
396 224 496 263 emendare
510 225 569 263 Verus
587 226 653 262 etenim
666 224 733 261 Christi
751 236 786 260 ser-

52 297 85 321 uus
98 284 217 324 humilitatem
231 300 280 324 suam
294 287 346 324 bonis
360 285 443 335 operibus
457 285 562 322 sanctificat:
578 294 594 322 et
608 297 680 321 omnem
690 285 736 321 vitae
750 296 786 320 rea-

53 354 91 380 tum
107 354 204 384 transactae
221 360 251 396 per
265 346 368 384 continuam
385 346 514 395 poenitentiam
532 340 621 382 emendat.
634 344 662 383 Ad
680 344 786 381 memoriam

53 404 132 452 quotidie
146 417 216 444 revocat
229 406 301 451 malum,
314 397 362 456 quod
375 419 394 443 se
408 406 521 443 commisisse
535 405 626 442 meminit:
637 413 654 441 et
663 417 681 441 se
692 403 786 441 offendisse

54 463 152 503 Dominum
164 466 241 515 graviter
254 465 360 516 ingemiscit,
374 466 430 503 Caute
440 465 517 503 multum
529 463 614 510 stabulat,
624 473 641 501 et
654 464 678 500 ita
691 463 786 501 commissa

54 520 143 573 deplangit
156 526 255 574 praeterita,
269 534 288 561 ut
301 536 413 575 nequaquam
428 525 529 562 committat
542 524 618 573 amplius
629 523 733 573 plangenda.
747 522 787 559 Mo-

54 581 126 630 nachus,
135 585 166 634 qui
174 586 259 622 veraciter
272 596 298 622 est
312 585 392 632 humilis,
405 586 505 622 Dominum
518 586 578 622 lesum
592 586 610 621 in
623 596 667 633 pura
680 582 788 620 conscientia

53 643 142 692 sequitur;
156 653 173 681 et
187 644 230 682 nihil
244 644 261 680 in
275 645 309 681 hoc
322 644 390 682 mundo
404 645 468 681 metuit
481 644 569 694 amplius,
582 657 636 694 quam
652 652 787 692 praeceptorem

55 701 149 749 offendere,
163 698 217 752 quem
230 703 315 740 imitatur.
329 703 420 753 Quicquid
430 705 472 754 agit,
482 714 498 742 et
509 717 616 754 quocunque
629 703 727 749 incesserit,
738 714 786 751 prae-

54 774 123 800 sentem
139 764 237 801 Dominum
253 764 312 801 Iesum
327 777 399 813 semper
414 766 488 814 cogitat,
502 775 518 802 et
532 763 683 814 quemadmodum
698 763 722 800 illi
738 775 787 799 com-

55 823 121 871 placeat
133 823 174 870 soli,
188 824 271 861 continua
285 823 402 861 meditatione
415 824 500 873 explorat.
514 825 562 861 Haec
572 825 638 861 etenim
647 836 695 870 vera,
705 834 722 860 et
736 822 787 861 Chri-

55 883 111 919 stiana
128 882 226 930 humilitas,
240 891 257 919 et
271 882 343 920 humilis
360 892 386 920 est
400 883 528 930 christianitas,
542 894 634 932 peccatum
650 883 668 919 in
683 895 725 920 vera
741 894 788 919 eom·

55 943 151 990 punctione
164 941 237 988 diluere,
251 953 268 979 et
281 943 409 979 conscientiam
424 943 442 979 in
456 943 506 979 omni
519 943 595 991 puritate
612 955 648 979 non
661 941 720 979 solum
737 950 787 978 metu

35 998 37 1000 ’
55 1014 162 1050 poenarum,
176 1001 206 1040 sed
223 1002 288 1040 Christi
304 1003 364 1051 potius
380 1014 442 1040 amore
457 1002 506 1039 omni
522 1013 604 1051 tempore
618 1014 727 1040 conservare.
741 1001 788 1038 Vera

55 1060 186 1098 monachorum
199 1060 290 1098 humilitas
304 1060 388 1111 quicquid
401 1071 461 1110 potest
474 1061 516 1099 boni
530 1074 562 1110 pro
575 1062 609 1099 Dei
623 1061 692 1099 honore
705 1071 789 1109 operatur

56 1121 145 1167 continue,
159 1132 175 1157 et
189 1120 233 1158 nihil
247 1131 359 1170 operaturam
373 1134 392 1158 se
407 1122 479 1170 cogitat,
489 1120 537 1170 quod
548 1121 598 1158 novit
607 1120 680 1158 Christo
690 1119 788 1168 displicere.

55 1180 101 1217 Vera
119 1182 249 1218 monachorum
265 1180 357 1218 humilitas
374 1180 419 1218 nihil
435 1193 509 1226 eorum,
524 1194 569 1229 quae
582 1181 631 1217 Deus
646 1179 741 1226 mandavit,
755 1192 788 1216 ne-

55 1239 113 1288 gligit,
123 1249 140 1276 et
153 1253 197 1289 quae
211 1239 302 1288 prohibuit
315 1239 351 1286 ille,
360 1252 431 1289 semper
445 1250 464 1277 ut
477 1238 571 1277 mortifera
579 1239 631 1288 sugit.
641 1239 739 1277 Monachus
748 1252 789 1287 poe-

56 1300 114 1337 nitens
130 1300 147 1336 in
164 1300 301 1349 compunctione
317 1299 437 1348 lacrymarum
454 1299 537 1346 humilis,
552 1310 568 1337 et
581 1300 661 1337 Domino
677 1299 755 1336 serviens
771 1299 788 1334 in

56 1359 125 1397 fervore
138 1359 227 1397 charitatis
240 1369 342 1396 sanctorum
356 1369 383 1395 est
396 1359 456 1396 socius
470 1358 581 1408 angelorum,
595 1358 672 1407 caelique
685 1358 752 1395 amicus
766 1357 789 1393 ci-

56 1418 112 1465 vibus,
130 1429 147 1456 et
160 1416 274 1456 daemonibus
287 1417 364 1454 multum
382 1416 505 1455 lormidabilis¹
518 1418 568 1454 Nihil
582 1417 629 1456 enim
644 1417 683 1466 plus
697 1427 789 1463 metuam,

56 1489 73 1515 et
86 1477 157 1527 fugiunt
170 1478 272 1524 daemones,
286 1490 339 1526 quam
357 1477 477 1515 humilitatem
491 1490 584 1515 servorum
598 1477 637 1514 lesu
652 1477 729 1523 Christi,
743 1478 789 1526 quia,

57 1551 97 1574 cum
111 1538 145 1575 sint
159 1538 192 1586 ipsi
205 1538 268 1575 vitiosa
280 1537 373 1575 voluntate
386 1550 418 1574 sua
435 1536 567 1585 superbissimi,
581 1536 677 1575 humilium
694 1536 790 1574 devotione

57 1597 211 1640 vehementissime
225 1597 331 1634 cruciantur,
344 1596 391 1633 Nam
401 1595 431 1632 ubi
440 1609 482 1633 vera
496 1608 522 1633 est
536 1596 634 1644 humilitas,
644 1595 739 1646 daemones
749 1595 789 1633 sub-

57 1658 119 1694 sistere
131 1666 227 1705 nequeunt,
240 1657 325 1705 quoniam
339 1657 385 1693 sicut
397 1656 462 1705 glacies
476 1655 496 1693 ab
511 1658 552 1705 igne
565 1656 665 1703 resolvitur,
679 1656 701 1693 ita
716 1656 789 1704 maligni

57 1716 128 1765 spiritns
142 1728 151 1752 a
164 1715 260 1764 praesentia
273 1714 347 1751 humilis
361 1714 445 1752 monachi
459 1714 571 1764 dissipantur.
586 1715 603 1753 O
616 1712 716 1752 veneranda
727 1725 789 1761 mater,

57 1786 74 1812 et
87 1775 207 1812 conservatrix
220 1775 301 1811 omnium
315 1774 403 1810 virtutum
416 1774 515 1821 humilitas,
524 1783 576 1812 tuum
590 1784 616 1812 est
627 1788 708 1824 regnum,
718 1783 748 1812 tua
759 1788 790 1824 po·

57 1835 122 1872 tentia:
133 1843 151 1871 tu
161 1846 236 1883 regnum
246 1833 315 1870 confers
324 1832 434 1870 humilibus:
445 1844 465 1870 tu
472 1834 530 1883 gloria
537 1833 626 1871 felicitatis
636 1844 717 1872 aeternae
725 1833 790 1872 tribuis

58 1895 165 1931 marrsuetis:
179 1895 217 1931 sine
233 1902 265 1929 tuo
282 1892 347 1930 ducatu
364 1906 418 1930 nemo
431 1894 480 1930 venit
493 1893 515 1930 ad
528 1894 609 1931 coelum:
623 1894 653 1943 qui
669 1904 686 1931 re
702 1895 789 1943 sequitur,

58 1967 93 1991 non
107 1955 157 1991 timet
170 1952 263 1990 infernum.
277 1952 314 1997 Qui
328 1954 366 1990 sine
379 1961 396 1989 te
409 1953 496 1990 virtutum
511 1966 564 2002 opera
578 1963 683 2002 congregat,
697 1954 746 2003 quasi
760 1954 790 2001 qui

58 2013 149 2063 pulverem
166 2014 184 2050 in
201 2022 274 2050 ventum
292 2022 355 2062 portat.
369 2012 399 2049 Tu
416 2012 552 2050 condimentum
569 2012 659 2050 bonorum
677 2026 751 2063 operum
771 2027 790 2050 es

58 2075 146 2120 omnium,
159 2074 243 2122 quoniam
257 2074 303 2110 sicut
321 2072 369 2109 cibus
382 2072 400 2109 in
414 2085 445 2109 ore
459 2072 569 2110 comedentis
587 2072 652 2122 absque
666 2072 702 2110 sale
715 2086 751 2110 non
765 2083 791 2109 est

58 2133 135 2182 sapidus,
149 2134 172 2170 ita
185 2133 223 2170 sine
236 2141 267 2170 tuo
286 2132 372 2170 comitatu
387 2132 422 2168 Dei
435 2132 494 2169 nullus
508 2133 622 2170 constituitur
639 2133 712 2169 amicus.
726 2132 790 2168 Humi·

59 2192 98 2229 litas
112 2192 167 2229 filium
177 2193 210 2229 Dei
219 2192 310 2229 hominem
319 2192 371 2229 lecit:
386 2191 477 2228 humilitas
490 2205 561 2229 servum
572 2192 639 2229 Christi
652 2201 714 2230 sancto
725 2191 789 2241 angelo

59 2250 172 2300 comparabit.
186 2251 265 2300 Angelus
279 2263 310 2299 per
318 2249 419 2299 superbiam
429 2250 502 2287 arbitrio
512 2251 585 2300 proprio
595 2250 651 2287 factus
661 2260 687 2287 est
697 2249 788 2287 diabolus:

59 2324 79 2347 ea
91 2310 147 2348 homo
161 2310 266 2348 christianus
280 2323 310 2360 per
324 2309 443 2347 humilitatem
457 2310 476 2347 fit
489 2311 568 2360 angelus.
583 2311 678 2348 Humilitas
694 2312 790 2348 mansuetis

32 2414 33 2417 Ἴ
59 2370 93 2406 Dei
106 2371 160 2407 servis
174 2372 230 2419 aperit
244 2370 322 2408 caelum:
336 2380 353 2408 et
366 2368 448 2419 superbia
461 2370 544 2408 homines
558 2371 613 2409 elatos
627 2372 715 2420 demergit
730 2372 751 2408 ad
764 2372 791 2409 in·

59 2427 134 2466 fernum.
148 2429 244 2466 Humilitas
254 2430 287 2467 Dei
301 2429 341 2467 facit
356 2430 434 2467 amicos:
449 2439 467 2466 et
480 2430 562 2479 superbia
575 2431 684 2468 daemonum
698 2430 751 2468 efficit
763 2445 791 2468 so-

59 2488 101 2524 cios.
119 2487 214 2524 Humilitas
232 2498 311 2525 mentem
326 2487 348 2525 ad
366 2501 425 2525 ueram
441 2490 547 2537 sapientiam
566 2489 663 2527 illuminat:
677 2500 694 2527 et
709 2490 792 2539 superbia

18 2558 20 2563 ⁴
60 2547 168 2585 intellectum
182 2548 235 2593 illius,
245 2561 298 2598 quem
308 2548 407 2596 possederit
416 2547 503 2586 obcaecat.
518 2549 615 2586 Humilitas
625 2560 688 2598 purgat
701 2563 710 2587 a
725 2553 792 2587 raineris

60 2607 163 2644 inordinatis
181 2606 303 2645 affectionibus
320 2608 424 2653 hominem,
438 2621 492 2657 quem
506 2608 592 2657 possidet:
607 2620 624 2645 et
640 2608 723 2657 superbia
739 2623 792 2647 suum

60 2666 146 2704 cultorem
155 2666 238 2704 omnibus
247 2666 349 2713 sceleribus,
357 2677 374 2704 et
383 2667 473 2716 spurcitiis
483 2667 573 2716 adimplet,
587 2668 684 2706 Humilitas
694 2664 792 2708 amatorem

818 2190 897 2219 Huntilitatis

810 2233 853 2259 pugna
870 2235 899 2254 curn

810 2267 874 2300 superbia.
