1968 3023
407 202 483 240 Humilia
497 202 517 240 X.
544 226 546 233 κ
809 214 829 252 71

93 296 112 321 ut
125 295 176 322 caute
189 284 294 331 ambuletis,
309 297 345 321 non
363 284 412 333 quasi
429 284 542 332 insipientes,
556 285 585 333 qui
599 284 649 320 omni
661 293 715 321 vento
729 284 830 333 agitantur,

92 343 123 381 sed
136 354 220 394 tanquam
234 345 271 382 veri
284 355 372 381 amatores
386 344 425 380 lesu
440 344 511 388 Christi,
525 344 555 393 qni
568 345 632 393 spiritu
647 343 692 381 facta
707 345 764 381 carnis
778 357 830 382 mor-

92 403 188 442 tificarunt.
202 405 246 448 Vos,
256 405 336 454 inquam,
347 403 479 442 commilitones
489 404 524 440 mei
534 404 653 441 amantissimi
661 417 734 453 semper
748 405 766 442 in
780 403 831 442 bonis

92 463 176 511 operibns
190 464 267 513 vigilate,
282 463 409 501 mortificantes
418 476 451 512 pro
461 463 602 501 Christiamore
616 476 692 512 corpora
705 473 771 509 vestra,
786 477 830 513 quae

92 534 133 559 sunt
146 536 199 572 super
212 533 283 567 terram,
298 524 315 560 in
329 524 405 570 ieiuniis,
415 533 432 560 et
442 522 552 560 orationibus
566 522 638 569 assidui,
652 533 669 560 et
682 524 701 560 in
715 522 831 560 meditatione

91 581 191 619 divinarunt
204 584 332 632 scripturarum
346 583 412 632 iugiter
426 583 514 630 occupati.
528 582 602 631 Semper
616 596 648 619 vos
662 583 681 619 itt
694 583 784 619 anteriora
797 595 830 620 ea-

92 642 166 686 tendite,
184 641 264 691 quotidie
283 641 374 680 fervorem
394 643 450 680 sancti
469 642 556 691 propositi
577 655 625 679 novo
645 641 706 679 studio
726 641 829 680 reformate.

92 700 164 745 Ocium,
178 710 196 737 et
209 714 282 739 omnem
296 701 382 738 desidiam
396 700 457 750 fugite,
467 712 484 738 et
493 714 546 750 quarn
555 701 607 738 breve
622 702 645 738 sit
658 701 711 738 huius
724 702 771 738 vitae
784 711 829 738 tem·

91 773 129 808 pus,
143 760 204 797 sedulo
219 761 300 810 cogitate.
315 761 357 798 Non
366 773 398 797 vos
408 770 470 797 terreat
480 759 543 804 brevis,
554 769 570 797 et
579 759 662 797 modicus
676 759 725 798 labor
739 760 779 797 duri
793 773 829 797 cer-

91 820 214 866 taminisuon
224 819 285 858 reddat
295 820 416 870 pusillanimes
430 820 533 869 improbitas
543 821 605 867 hostis,
615 822 701 870 qnoniam
710 820 761 858 labor
771 821 829 858 omnis

91 878 227 927 importunitate
240 878 340 916 voluntaria
354 881 390 916 cito
403 880 486 925 vincitur,
496 890 513 916 et
522 879 602 916 diabolus
612 879 742 929 quantumlibet
756 881 828 924 saeviat,

91 950 141 983 mox,
155 947 175 974 ut
189 937 282 974 Christum
295 938 427 983 invocaveritis,
441 948 538 986 superatur.
552 938 664 975 Mementote
677 937 774 976 verborum
787 939 828 975 Do-

91 997 141 1043 ruini,
155 1007 172 1033 et
185 997 279 1033 salvatoris
292 998 348 1033 nostri
358 997 396 1033 lesu
406 997 473 1033 Christi
483 998 500 1033 in
510 1007 571 1034 sancto
584 997 682 1045 Evangelio
696 997 777 1045 dicentis.
792 998 829 1042 Qui

90 1057 128 1093 vult
141 1057 203 1093 venire
217 1067 257 1105 post
270 1059 305 1101 ine,
314 1056 394 1106 abneget
407 1058 530 1106 semetipsum,
542 1057 622 1099 ettollat
636 1070 707 1094 crucem
721 1070 772 1094 suam
786 1061 829 1107 qtio-

90 1115 140 1161 tidie,
155 1125 173 1152 et
186 1125 271 1165 sequatur
284 1129 318 1153 me.
333 1117 381 1153 Crux
395 1126 453 1153 autem
467 1126 536 1160 nostra,
551 1115 614 1152 fratres
629 1117 675 1162 mei,
691 1116 733 1165 quid
747 1127 782 1161 est,
796 1117 830 1153 nisi

90 1175 126 1212 vita
139 1173 274 1221 tentationibus,
289 1185 306 1212 et
320 1174 454 1212 adversitatibus
467 1175 525 1224 plena,
536 1186 552 1212 et
562 1188 606 1213 onus
620 1175 724 1224 disciplinae
737 1176 829 1225 regularis,

90 1234 122 1272 sub
136 1247 171 1284 quo
186 1234 214 1272 die
228 1234 330 1284 fatigamur,
345 1245 362 1272 et
375 1230 440 1273 nocte?
453 1236 487 1273 Sed
501 1248 632 1285 congregemus
646 1238 700 1273 corda
713 1246 781 1283 nostra,
795 1237 829 1275 fra-

90 1304 126 1331 tres
140 1294 247 1341 charissimi,
259 1304 276 1331 et
289 1295 408 1331 sustineamus
422 1308 454 1343 pro
467 1296 501 1332 Dei
514 1308 575 1332 amore
588 1295 686 1345 gaudenter
700 1296 784 1346 quicquid
798 1297 828 1334 ille

90 1367 124 1391 nos
138 1353 216 1391 voluerit
233 1354 328 1399 sustinere,
342 1364 362 1390 nt
376 1353 433 1391 dicere
446 1355 464 1391 in
478 1355 514 1391 eius
528 1355 594 1392 iudicio
607 1368 718 1392 mereamur:
732 1356 828 1393 Transivi-

90 1426 130 1449 mus
144 1426 175 1462 per
188 1413 260 1462 ignem,
275 1422 292 1450 et
305 1425 379 1462 aquam,
394 1423 411 1450 et
424 1414 508 1450 induxisti
525 1427 558 1451 nos
574 1415 591 1451 in
609 1414 729 1463 refrigerium.
743 1416 761 1453 O
774 1429 827 1465 quam

90 1473 169 1522 gloriosa
182 1485 251 1509 merces
268 1473 286 1509 in
303 1485 359 1521 regno
378 1472 469 1511 coelorum
487 1475 542 1510 servis
555 1474 589 1511 Dei
602 1475 704 1522 reponitur,
719 1476 749 1524 qui
762 1476 780 1512 in
793 1475 828 1513 hoc

90 1531 138 1569 brevi
156 1531 214 1569 stadio
232 1542 328 1575 certantes,
342 1545 389 1569 nuarc
407 1545 439 1581 pro
457 1533 494 1569 eius
512 1546 572 1570 amore
590 1532 693 1583 fatigantur.
709 1535 778 1572 Oculus
791 1549 828 1573 non

89 1590 139 1635 vidit,
153 1604 185 1628 nec
199 1592 246 1628 auris
260 1590 337 1635 audivit,
351 1604 383 1627 nec
397 1592 414 1628 in
428 1605 458 1629 cor
472 1592 550 1641 hominis
564 1592 642 1629 ascendit
655 1593 703 1630 illius
717 1594 828 1632 immensitas

91 1650 143 1696 boni,
160 1649 208 1700 quod
225 1651 340 1698 omnipotens
359 1651 407 1694 Deus
425 1651 461 1687 suis
477 1650 586 1688 amatoribus
604 1652 622 1688 in
639 1662 709 1689 aeterna
731 1652 828 1691 foelicitate

90 1711 201 1759 praeparavit
214 1710 251 1746 sine
265 1709 300 1746 fine
318 1721 404 1758 perpetuo
422 1724 532 1748 mansurum.
546 1711 604 1748 Huius
621 1723 681 1748 autem
698 1711 740 1749 boni
758 1711 828 1750 suranna

88 1769 175 1806 foelicitas
184 1768 286 1806 humilitate
295 1770 399 1818 acquiritur,
415 1771 491 1818 puritate
504 1770 569 1816 cordis,
585 1780 601 1808 et
615 1771 671 1807 divini
681 1770 751 1809 fervore
761 1774 827 1810 amoris

89 1829 196 1877 possidetur.
209 1828 242 1866 Illo
257 1827 367 1873 festinemus,
378 1829 440 1867 fratres
454 1830 557 1874 charissimi,
568 1830 604 1876 illo,
614 1841 679 1880 quanta
687 1845 784 1880 possumus
798 1832 827 1870 de-

88 1889 162 1925 votione
176 1888 247 1934 mentis,
262 1900 358 1932 curramus,
373 1886 402 1924 ubi
416 1889 490 1926 creatori
507 1902 540 1926 suo
557 1902 588 1938 per
605 1889 710 1935 fruitionem
729 1890 827 1929 dulcedinis

849 1001 879 1028 Luc.
889 1010 901 1036 9.

864 1115 899 1141 Crux
908 1125 936 1142 mo·

849 1149 936 1177 anchorum

850 1192 886 1219 quae.

89 1949 204 1996 coniungitur
221 1948 303 1996 spiritus,
317 1947 346 1983 ubi
363 1948 382 1984 in
399 1949 501 1997 cognitione
518 1949 584 1985 summi
601 1948 651 1993 boni,
666 1950 714 1999 quod
730 1961 756 1988 est
769 1952 826 1998 Deus,
843 1989 845 1992 ,
873 1991 875 1994 ,

89 2006 180 2056 perficitur
189 2002 297 2043 intellectus.
311 2005 337 2043 ibi
351 2017 377 2043 est
390 2006 474 2055 gaudium
484 2009 602 2056 sempiternae
611 2007 721 2055 foelicitatis,
733 2010 780 2059 quod
790 2023 826 2048 non

88 2066 184 2112 minuitur,
199 2065 221 2102 ibi
235 2065 307 2109 laetitia,
321 2078 366 2114 quae
379 2078 415 2102 non
429 2066 543 2112 terminatur;
558 2066 581 2103 ibi
595 2066 676 2104 laborum
691 2069 777 2105 omniunt
786 2081 826 2116 per·
838 2100 840 2103 .

85 2135 138 2173 petua
151 2126 231 2174 reqvies3
245 2123 269 2161 ibi
282 2123 430 2170 tribulationum,
444 2136 461 2162 et
475 2126 586 2162 iniuriarium
605 2139 638 2174 pro
656 2128 729 2164 Christo
746 2127 825 2176 gloriosa

87 2197 160 2222 merces.
170 2184 263 2234 Quicquid
273 2183 315 2221 boni
324 2196 371 2221 nunc
381 2185 455 2233 agimus,
466 2183 489 2220 ibi
499 2185 560 2232 procul
570 2184 624 2222 dubio
634 2187 747 2223 inveniemus
757 2188 825 2235 reposi-

87 2254 135 2282 tum:
149 2243 234 2293 quicquid
244 2256 277 2292 pro
287 2256 348 2287 amore
358 2243 424 2280 Christi
434 2244 521 2293 patienter
531 2245 672 2286 sustinuerimus
680 2246 755 2289 adversi,
766 2245 789 2282 ibi
798 2259 825 2283 re-

88 2304 174 2352 cipiemus
182 2304 262 2352 praemio
273 2303 398 2351 copiosissimo
409 2309 549 2340 remuneratum.
559 2303 576 2341 O
587 2304 681 2350 monache,
692 2305 786 2348 monache,
795 2306 825 2354 qui

86 2373 157 2410 tempus
164 2361 274 2399 infructuose
282 2362 366 2411 expendis
374 2360 432 2404 tibiad
441 2361 485 2399 bene
492 2362 601 2410 operandum
610 2364 704 2400 aDomino
710 2364 749 2400 Deo
757 2365 826 2401 miseri·

88 2420 164 2458 corditer
174 2434 288 2466 concessum,
297 2421 339 2470 quid
346 2430 409 2467 metes,
416 2432 445 2458 aut
455 2420 496 2470 quid
506 2420 592 2458 mercedis
602 2422 677 2470 recipies
686 2423 704 2458 in
714 2422 743 2459 illa
750 2422 825 2461 terribili

87 2481 140 2527 hora,
154 2481 184 2529 qui
201 2494 249 2518 nnaac
266 2489 302 2522 tam
320 2481 380 2530 piger,
394 2491 410 2517 et
429 2480 559 2518 involuntarius
577 2494 595 2517 es
611 2480 632 2517 ad
646 2481 782 2529 seminaadtnn;
796 2483 825 2520 An

84 2541 174 2589 vscripturn
188 2539 209 2577 de
223 2549 326 2577 sanctorum
340 2539 429 2577 laboribus
443 2553 479 2577 non
492 2539 561 2588 legisti?
575 2540 641 2577 Euntes
654 2539 708 2587 ibant,
723 2551 739 2578 et
753 2540 824 2587 flebant,

84 2600 178 2641 ,mittentes
193 2600 261 2637 semina
274 2613 315 2638 sua:
330 2600 426 2637 Venientes
439 2609 498 2636 autem
512 2599 583 2636 venient
601 2613 641 2636 cum
659 2600 769 2638 exultatione
784 2615 825 2650 por-

86 2668 143 2697 tantes
162 2659 265 2709 manipulos
279 2672 327 2697 suos.
341 2660 378 2696 lam
391 2669 461 2708 tempus
475 2668 501 2695 est
515 2658 598 2707 operandi
612 2672 676 2710 agrum
690 2660 748 2698 cordis
762 2663 799 2708 tui,
814 2676 825 2699 o

87 2718 183 2766 monache,
197 2731 246 2756 nunc
259 2719 303 2757 hora
316 2718 415 2757 seminandi
429 2718 495 2756 bonurn
509 2731 570 2756 semen
585 2731 626 2756 curu
645 2719 739 2757 hilaritatis
752 2719 825 2759 benedi·
