1968 3023
35 2398 67 2423 liccl.
78 2407 106 2425 100.

141 171 174 205 190
305 157 354 204 Quat
366 159 387 195 sit
400 158 481 195 ordinatio
494 159 539 196 vitae
552 160 651 197 monasticae
665 160 713 197 botta.

139 246 181 275 vote
194 238 272 275 referens
286 238 371 277 actiones.
386 239 440 284 Quod
453 240 468 275 si
481 240 509 276 cui
523 248 602 277 vestrum
616 241 659 278 haec
672 242 731 279 oratio
745 243 798 281 trimis
808 243 877 291 prolixa

138 298 197 346 fuerit,
207 300 225 335 iu
232 298 314 336 Homilia
323 309 386 336 octava
396 300 540 337 exhortationum
549 310 652 338 nostrarum
662 302 683 339 ad
692 316 724 340 vos
733 316 789 352 nuper
799 304 876 343 diximus

139 359 250 405 breviorem,
264 358 286 395 ad
304 372 357 407 qnam
371 359 459 397 taediosus
476 369 535 408 potest
549 358 613 398 habere
629 374 727 399 recursum.
742 363 788 400 Ante
806 367 875 409 omnia,

138 430 207 466 precor,
223 427 291 463 cavete,
306 431 328 454 ue
342 419 395 455 tarnis
409 420 442 455 Dei
455 418 545 456 beneficiis
559 433 637 470 unquam
652 422 690 458 sitis
704 423 774 472 ingrati.
787 424 825 460 Fiat
834 424 877 461 haec

137 478 234 526 gratiarnm
251 478 298 514 actio
316 489 357 526 post
373 479 476 524 matutinas3
490 480 531 528 quia
544 488 615 527 tempus
633 481 696 518 orandi
709 483 821 530 aptissimum
841 496 875 527 est,

137 546 154 573 et
168 536 283 575 devotionem
295 539 387 574 cousuevit
401 551 465 587 augere
475 548 571 575 nocturnae
580 540 646 588 qnietis
657 541 755 579 silentium.
764 542 810 579 Dico
820 544 874 589 euim,

137 596 185 645 qnod
199 609 262 633 verum
275 605 363 633 testantur
377 597 449 646 experti,
462 596 519 633 nullas
533 598 624 635 orationes
638 600 660 636 ad
673 600 805 649 impetrandum
819 601 875 639 effica-
890 612 891 615 ’

137 656 199 700 ciores,
214 669 268 705 quam
282 655 331 701 illas,
345 669 389 706 quae
403 670 443 693 cnm
456 657 562 693 Dominicae
576 659 664 705 passionis
678 661 777 707 mensoria,
791 669 807 697 et
823 663 875 709 grati-

136 715 197 753 tudine
211 717 250 754 Deo
264 717 310 765 patri
323 716 428 754 offeruntur.

171 776 267 823 Quartum,
277 776 326 825 quod
339 776 389 822 vobis
402 790 434 825 pro
448 777 524 826 regulari
539 776 651 816 observantia
665 779 783 817 iudicavirnns
796 794 874 818 necessa·

136 838 188 879 rium,
202 848 234 880 est,
249 845 268 872 ut
283 837 300 873 in
314 836 394 874 custodia
408 850 492 873 sensuum
506 836 582 886 vigiletis
597 839 716 885 exteriornm3
731 840 771 888 quin
786 852 839 877 uento
852 842 875 890 ci·

135 896 210 932 vitatem
228 895 287 932 cordis
305 896 332 931 sui
350 895 393 932 bene
412 895 502 933 custodire
519 895 594 942 sufficit,
608 897 639 945 qui
656 908 715 945 portas
734 898 817 936 claudere
834 913 875 937 con-

136 956 204 992 temnit.
218 956 283 991 Amate
300 955 400 1002 silentium3
414 955 504 1004 etfngire
522 968 596 992 ornarem
616 957 669 993 huius
687 957 753 994 saeculi
771 958 874 996 tumultum.

135 1014 250 1051 Prudentiaur
264 1024 344 1051 sanctam
358 1015 424 1052 cunctis
438 1014 524 1058 adhibete,
538 1028 582 1063 quae
596 1016 663 1062 facitis,
679 1024 801 1053 et'secretum
818 1028 875 1055 amate

136 1074 206 1122 quietis.
220 1074 320 1111 Monachus
334 1076 389 1120 enim,
404 1076 434 1123 qui
448 1073 533 1122 publicos,
548 1085 565 1110 et
578 1087 634 1123 vagos
650 1074 740 1112 discursus
751 1076 814 1125 diligit,
822 1088 885 1113 verus*

135 1133 259 1170 observantiae
277 1142 346 1170 ansatos
363 1146 453 1182 nunqnam
469 1134 508 1170 fnit.
523 1133 592 1177 Quinto
607 1147 702 1171 monemus
721 1146 740 1171 ut
753 1136 874 1183 perniciosum

135 1194 204 1230 animae
218 1192 291 1242 fugiatis
307 1193 376 1239 otinm;
391 1194 474 1242 quoniam
489 1192 523 1229 hoc
539 1192 643 1240 pestiferum
657 1194 706 1230 virus
723 1194 828 1242 gravissima
842 1207 874 1231 uu-

135 1253 166 1289 trit
179 1253 227 1298 vitia,
237 1263 253 1289 et
267 1266 338 1299 semper
348 1253 448 1290 irurnundas
462 1254 507 1301 parit
521 1253 644 1301 cogitationes.
659 1254 768 1303 Quicunque
779 1255 833 1303 igitur
841 1256 874 1292 vir-

135 1322 193 1349 tutum
207 1321 276 1349 narratur
290 1313 382 1360 propriam
395 1312 471 1349 salutem
486 1312 550 1360 diligit3
564 1312 666 1361 quicunque
680 1313 773 1361 pervenire
787 1314 808 1349 ad
821 1322 874 1350 aeter·
900 1349 901 1352 ,

135 1384 176 1408 nam
185 1371 288 1407 felicitatem
297 1370 342 1417 vult,
352 1372 401 1420 qnasi
411 1385 420 1408 a
430 1370 474 1408 facie
485 1371 550 1418 diaboli
564 1369 621 1419 fngiat
630 1372 694 1415 otitun,
705 1373 719 1408 si
730 1372 778 1420 cupit
787 1372 873 1410 declinare
908 1373 910 1375 ’

135 1440 234 1479 peccatum.
248 1431 309 1475 Sexto,
322 1431 344 1468 ad
358 1432 453 1479 puritatem
467 1431 589 1468 observantiae
603 1431 690 1480 regularis
704 1430 726 1468 de
739 1430 801 1467 salutis
815 1445 873 1469 neces-

134 1491 186 1527 sitate
200 1490 303 1539 requiritur,
313 1499 333 1525 ut
346 1491 458 1539 proprietatis
468 1490 554 1527 abdicatio
568 1503 624 1540 usqne
638 1491 659 1527 ad
673 1500 750 1527 mortem
760 1489 780 1527 ab
790 1490 873 1527 omuibus

134 1549 219 1587 inviolata
233 1548 350 1587 custodiatur.
364 1549 463 1586 Monachus
477 1550 524 1585 erriru
538 1548 604 1586 habens
618 1549 717 1597 peculium,
733 1550 765 1585 iter
779 1548 811 1585 sibi
824 1560 873 1597 parat

133 1609 154 1645 ari
169 1608 264 1645 infernum.
279 1608 316 1651 Qui
331 1618 391 1645 autem
405 1609 487 1657 pecunias
502 1609 568 1657 recipit,
583 1618 599 1644 et
613 1610 685 1657 exponit
699 1610 717 1645 iu
731 1607 827 1652 coenobio,
841 1610 874 1646 mi-

134 1670 188 1705 nister
206 1668 228 1704 sit
242 1667 333 1715 publicus:
348 1681 402 1704 neruo
420 1667 437 1704 id
456 1680 568 1716 praesumere
585 1667 648 1704 audeat
666 1669 751 1716 privatus.
767 1668 873 1705 Diuitiarum

133 1728 224 1776 possessio
238 1739 275 1764 nou
289 1726 339 1764 decet
353 1727 457 1773 tuonachos,
471 1728 501 1776 qni
511 1727 610 1764 Dornimnn
620 1728 679 1763 lesum
694 1727 711 1764 in
725 1736 827 1775 paupertate
840 1728 873 1776 spi-

133 1788 178 1824 ritus
191 1787 259 1823 imitari
278 1785 368 1830 iubentur.
388 1786 488 1823 Audiamus
503 1796 583 1822 sanctum
604 1786 669 1823 Christi
687 1785 796 1834 Apostolum
815 1785 873 1823 dicen-

133 1856 179 1884 tem:
193 1846 285 1883 Habentes
300 1847 379 1892 victum,
397 1857 412 1883 et
426 1847 520 1889 amictum,
536 1846 563 1882 his
577 1847 656 1884 contenti
672 1846 734 1883 simus.
754 1843 872 1882 Providemus

132 1905 190 1951 vobis,
205 1907 244 1942 Deo
258 1907 360 1951 miseraute,
370 1906 474 1951 necessaria,
485 1918 521 1942 nort
535 1914 621 1954 quantum
636 1905 714 1954 postulat
728 1904 827 1941 inordinate
841 1918 872 1942 vo-

131 1966 203 2014 luptatis
217 1965 373 2012 coucupiscentia,
387 1965 418 2002 sed
432 1974 517 2014 quautam
533 1974 616 2001 contenta
633 1965 693 2013 paucis
712 1964 787 2013 requirit
805 1972 871 2002 tratura.

132 2026 193 2073 ltaque
206 2025 252 2060 sicut
266 2022 317 2060 vobis
329 2023 392 2061 habere
402 2023 468 2073 aliquid
478 2025 516 2060 siue
526 2036 614 2059 consensu
628 2022 695 2060 abbatis
709 2036 745 2059 uon
757 2033 783 2059 est
795 2022 871 2069 licitnm3

131 2086 156 2122 ita
170 2097 211 2121 cum
225 2084 349 2120 ministremus
362 2084 429 2131 orama,
440 2083 633 2131 neque'necessartum.
647 2083 755 2130 Septimum,
771 2081 818 2130 qnod
832 2081 872 2120 lach

131 2145 247 2189 monachum,
258 2152 285 2179 est
299 2143 486 2181 lurmilis'obedientia
496 2151 638 2192 praeceptorum.
652 2142 694 2179 Non
708 2143 756 2177 enim
768 2154 821 2177 vetus
833 2154 872 2179 mo·-

131 2203 198 2240 nacltus
213 2215 251 2239 esse
265 2210 334 2250 potest,
349 2203 378 2251 qui
392 2202 490 2239 con-temnit
504 2200 635 2246 obedientiam,
650 2210 667 2238 et
680 2211 733 2249 negat
751 2199 871 2247 superioribus
914 2222 915 2226 =

131 2263 173 2307 suis,
188 2274 240 2311 quam
256 2261 339 2310 promisit
353 2261 441 2298 lmruilem
454 2260 590 2298 subiectionem.
605 2260 639 2296 Hic
653 2258 783 2296 inobedientiae
798 2258 871 2297 morbus

131 2321 249 2366 excitatione,
265 2331 282 2357 et
295 2320 377 2368 superbla
391 2321 456 2357 urentis
470 2320 531 2366 oritur,
545 2318 698 2369 quemadmodum
713 2332 733 2355 ex
747 2317 794 2355 malo
812 2318 871 2356 ulcere

131 2381 188 2417 sauies
202 2390 302 2430 generatur.
317 2379 351 2416 Sed
370 2380 412 2429 qnid
429 2380 453 2417 ait
466 2380 568 2427 Scriptura?
582 2377 660 2416 Odibilis
675 2390 735 2414 coram
749 2378 794 2423 Deo,
808 2387 825 2414 et
838 2378 870 2415 ho-

130 2438 208 2477 minibus
222 2448 248 2476 est
262 2437 355 2486 superbia,
370 2449 387 2475 et
400 2440 458 2475 omnis
472 2438 619 2486 transgressionis
638 2437 715 2474 initium.
729 2437 794 2473 lvlilitin
812 2439 871 2474 tribua-

132 2499 207 2535 chorum
222 2509 248 2534 est
262 2498 340 2535 inritatio
350 2498 421 2544 Christi,
431 2498 461 2547 qui
472 2498 516 2546 patri
526 2496 604 2534 obedivit
618 2509 674 2545 usque
687 2496 709 2532 ad
719 2504 802 2533 ntortem.
816 2496 870 2533 Octa-

131 2571 174 2594 vum
188 2558 248 2595 locum
262 2567 336 2594 exornat
350 2559 406 2594 virtus
420 2557 538 2606 pulcherrima
552 2558 629 2602 castitas,
639 2569 673 2605 qno
684 2566 785 2603 contempta
799 2568 870 2592 necesse

131 2619 166 2654 iam
180 2627 213 2662 est,
229 2617 316 2666 regularis
330 2627 349 2653 ut
363 2618 421 2654 omnis
435 2609 548 2665 rrarrl'ragetnr
562 2616 660 2665 integritas.
674 2615 773 2652 lllonachus
788 2616 836 2651 euim
849 2615 870 2652 de

131 2677 235 2713 necessitate
253 2676 314 2712 salutis
333 2689 375 2713 snae
392 2689 447 2725 usqne
464 2676 486 2712 ad
499 2685 576 2713 mortem
591 2674 661 2711 iubetur
675 2686 721 2711 caste
735 2675 804 2717 vivere,
819 2683 836 2710 et
850 2674 870 2711 ab
