1968 3023
441 238 526 283 VITA

158 419 160 421 Ι
193 348 364 405 ABBATIS
391 347 566 404 ioannis
591 345 797 406 TRITEMH-

363 472 394 493 FER
404 470 489 492 {vsunilln'r
499 468 605 492 CONSCRIPTA

299 541 316 563 ΙΝ
326 540 375 563 Llnno
386 539 491 562 SCRIPTORUM
501 538 671 561 Eccnnsmsnconnn.

120 682 190 738 χ”.ὅῦη
195 684 282 714 onNNEs
290 685 345 722 Abbas
355 683 445 714 monasterii
455 683 508 714 Sancti
519 676 582 714 Martini
593 683 664 722 episcopi
674 682 690 712 in
697 683 785 721 Spanhenr,
793 682 854 712 ordinis

138 730 140 734 ¹
161 682 190 809 g
201 743 237 773 Divi
248 745 297 774 Patris
308 743 396 780 Benedicti;
408 744 510 781 Moguntinae
520 743 604 779 dioecesis,
616 743 680 774 natione
691 742 793 780 Teutonicus,
804 742 854 780 patria

130 790 148 836 L‘¹
164 818 179 830 ..
201 804 302 841 lllosellanus,
312 813 333 834 ex
342 804 379 833 villa
389 803 475 834 Tritenhen
485 803 587 833 Treverensis
598 802 675 833 dioecesis
685 802 766 833 oriundus.
775 801 852 840 Quamvis

118 874 149 894 nou
159 863 189 894 sirn
198 864 260 901 diguus,
268 862 311 900 quod
321 871 379 892 nomen
386 870 439 891 meum
446 871 482 892 cum
492 861 593 899 scriptoribus
604 860 713 891 ecclesiasticis
722 864 807 898 poneretur
816 869 852 898 pro·

117 928 151 962 pter
158 923 215 961 ingenii
223 927 337 961 paupertatem
345 925 397 952 tamen
404 921 458 957 amicis
466 921 557 959 urgentibus
565 922 656 959 compulsus
664 931 700 951 sum
707 922 723 951 in
730 921 762 951 fine
769 922 815 951 huius
823 922 853 951 Ca·

116 983 169 1021 talogi,
177 992 247 1014 mearum
254 992 317 1020 quoque
327 981 452 1012 lucubrationum
458 981 516 1018 titulos,
524 986 541 1012 et
547 981 613 1012 exordia
622 991 689 1019 ponere3
698 982 772 1019 exemplo
780 982 853 1012 divorum

117 1047 179 1081 patrum
190 1042 288 1080 Hieronymi,
299 1041 383 1078 Gennadii,
395 1041 462 1071 Honorii
472 1041 570 1080 praesbyteri
580 1041 737 1078 augustudunensis,
748 1045 764 1071 et
775 1041 853 1079 sigeberti

117 1093 189 1132 monachi
203 1102 329 1137 Gemhlacensis;
344 1102 399 1139 quise
412 1110 476 1139 quoque
490 1101 505 1130 in
520 1102 552 1132 fine
565 1110 630 1131 suorum
643 1105 737 1131 tractatuum
748 1100 768 1131 de
779 1102 803 1131 his
814 1101 851 1139 ipsis

117 1162 163 1192 rebus
177 1161 264 1192 aeditorum
277 1165 369 1199 posuerunt.
380 1159 438 1198 Scripsi
450 1170 489 1198 ergo
501 1164 564 1198 praeter
574 1161 604 1190 hoc
620 1169 670 1198 opus,
681 1160 729 1190 etiam
742 1160 818 1191 subiecta.
831 1161 851 1190 Et

117 1220 168 1259 primo
179 1219 243 1258 quidem
251 1211 273 1249 en
283 1218 357 1249 mandato
368 1211 491 1257 praesidentium
501 1219 580 1256 generalis
591 1218 659 1256 Capituli
669 1218 766 1248 abbreviavi.

161 1279 222 1308 Statuta
232 1277 302 1308 eiusdem
313 1277 387 1315 Capituli.
498 1277 525 1308 lib.
536 1279 548 1308 Ι.
617 1276 696 1314 Quoniam
707 1277 765 1310 volent.

161 1339 186 1368 De
196 1336 284 1368 visitatione
294 1337 412 1367 monachorum.
497 1336 524 1368 lib.
536 1338 548 1368 Ι.
615 1338 678 1367 Fratres
688 1340 729 1367 tuos.

162 1398 187 1426 De
197 1397 245 1426 modo
255 1396 327 1427 servandi
338 1396 429 1434 capitulum.
498 1397 525 1428 lib.
537 1398 549 1428 l.
617 1396 697 1433 Quoniam
707 1396 723 1426 in
733 1396 763 1426 cel.

161 1457 179 1487 In
190 1458 230 1493 Reg.
241 1456 295 1486 Sancti
305 1456 390 1487 Benedicti.
496 1457 523 1487 libr
535 1458 555 1487 Il.
612 1455 670 1486 Venite
680 1455 713 1493 lilii,
724 1455 761 1486 aud.

161 1515 290 1546 Exhortationem
300 1515 320 1545 ad
331 1516 422 1546 monachos.
497 1516 523 1547 lib.
535 1517 556 1547 ΙΙ.
614 1515 680 1546 Militiae
691 1515 748 1546 Christ.

161 1573 321 1605 DeTentationibus.
498 1576 524 1606 lib.
536 1576 557 1606 ΙΙ.
614 1576 707 1605 Humanum
718 1584 754 1612 gen.

161 1635 186 1663 De
195 1634 232 1664 Vita
243 1634 350 1664 Sacerdotum.
499 1634 526 1666 lib.
538 1636 550 1666 I.
617 1634 721 1665 Petisame.
741 1662 743 1665 ,

161 1693 186 1723 De
195 1692 233 1723 vitio
243 1693 347 1731 proprietatis.
462 1726 464 1730 .
497 1694 524 1725 lib.
536 1696 549 1725 1.
603 1694 677 1724 ‘Omnes
687 1693 708 1723 ad
718 1693 773 1723 vitam.

161 1753 186 1782 De
197 1752 266 1782 Misteria
276 1753 321 1783 huius
332 1753 379 1793 vitae,
497 1754 524 1785 lib.
537 1756 548 1785 1.
615 1755 656 1784 Cum
666 1752 704 1783 nihil
715 1753 740 1784 sit.
758 1779 774 1804 s..

161 1813 186 1842 De
196 1812 247 1843 Ruina
257 1812 316 1842 ordinis
326 1813 379 1846 nostri.
497 1814 548 1845 lib.l.
616 1814 657 1843 Cum
668 1813 742 1844 ordinis(
759 1805 811 1846 iai<
832 1815 983 1847 *ms-³³1³»,

160 1872 185 1901 De
195 1870 282 1901 Illustribus
293 1871 329 1901 viris
339 1872 388 1902 nostri
399 1872 433 1902 ord.
497 1872 524 1904 lib.
536 1874 573 1903 llll.
615 1871 695 1909 Cogitanti
706 1872 749 1903 mihi.
765 1888 774 1892 -

127 1951 129 1953 »
160 1931 223 1961 Laudes
233 1928 267 1961 ord.
279 1930 426 1962 Carmelitanorum.
497 1933 524 1964 nb,
536 1933 557 1963 11.
593 1920 594 1924 Ἰ
614 1931 694 1969 Precibus,
706 1936 722 1962 et
731 1931 767 1962 inst.

161 1991 185 2021 Dc
195 1990 250 2020 Laude
260 1991 363 2028 Scriptorum.
497 1991 523 2023 lib.
536 1993 547 2022 I.
615 1991 705 2021 Venerabili
716 1995 748 2029 pat.

161 2050 186 2079 De
195 2049 297 2080 luminaribus
307 2051 407 2081 Germaniae.
436 2073 437 2076 η
497 2035 524 2082 lib.
536 2053 549 2083 Ι.
616 2050 696 2089 Quoniam
706 2055 747 2082 sunt.

160 2109 266 2147 Epistolarum
276 2103 297 2139 ad
307 2109 383 2141 diversos.
498 2111 525 2142 lib.
537 2113 550 2142 l.
617 2110 676 2147 Petitis‚
687 2115 705 2141 ut
715 2110 774 2149 copias¹

160 2168 185 2198 De
195 2169 253 2198 Sancta
263 2169 314 2200 Anna.
449 2175 450 2179 ’
496 2170 523 2201 lib.
535 2172 548 2202 1.

161 2227 245 2257 Sermones
252 2227 311 2258 varios.
377 2235 378 2239 ¹
495 2229 522 2261 lib.
534 2231 546 2260 Ι.

161 2287 256 2316 collationes
265 2295 303 2317 vero
313 2290 345 2317 tam
356 2288 371 2318 in
382 2288 457 2326 Capitulis
468 2289 578 2325 Generalibus,
589 2297 637 2325 quam
648 2288 664 2317 in
673 2288 818 2325 observantialibus,
827 2288 852 2319 vel

117 2345 154 2376 alias
165 2345 227 2376 habitae
240 2345 274 2376 siue
284 2350 327 2376 certo
340 2356 405 2377 numero
416 2347 473 2384 partim
483 2348 569 2384 habentur,
581 2348 637 2385 partim
651 2348 740 2377 subtractae
753 2352 794 2378 sunt.
807 2349 852 2377 Haec

117 2416 156 2444 ergo
165 2411 201 2437 sunt
211 2407 279 2445 (praeter
289 2418 307 2438 eu
318 2417 358 2445 quae
368 2408 420 2438 adhuc
427 2408 442 2438 in
449 2408 521 2438 manibus
532 2407 624 2445 imperfecta
634 2409 722 2446 versantur}
731 2417 773 2446 quae
783 2418 809 2438 me
816 2407 852 2438 scri·

117 2466 167 2503 psisse
177 2466 197 2496 ad
207 2474 281 2503 praesens
291 2467 348 2496 recolo.
360 2468 407 2497 Anno
417 2467 472 2497 aetatis
483 2476 529 2497 meae
539 2470 601 2504 quarto,
609 2471 625 2497 et
632 2466 721 2503 trigesimo:
730 2466 812 2505 Assumpti
820 2467 852 2496 Ab·

116 2524 168 2555 batiae
178 2524 224 2554 officii
235 2524 306 2555 decimo:
317 2525 428 2555 Conversionis
441 2534 479 2555 vero
492 2525 596 2555 duodecimo:
607 2525 640 2555 Sub
654 2525 762 2555 Maximiliano
773 2526 852 2555 Romano·

116 2594 151 2615 rum
161 2586 211 2622 Rege,
219 2588 235 2614 et
245 2585 310 2615 Summo
321 2586 395 2615 Pontifice
405 2585 497 2615 Alexandro
507 2586 562 2616 Sexto.
574 2586 622 2615 Anno
633 2585 697 2623 Domini
704 2587 743 2625 (quo
752 2586 853 2622 catlralogum

116 2631 209 2682 scriptorum
220 2643 364 2674 Ecclesiasticorunr
377 2644 408 2674 iam
420 2645 466 2675 tertio
479 2644 573 2682 emendavi,
584 2644 691 2682 augmentavi,
702 2648 718 2675 et
728 2644 813 2684 complevi)
824 2653 852 2682 per

116 2702 221 2741 septernnium
231 2702 280 2733 serrne
289 2702 305 2733 in
315 2712 335 2733 eo
344 2702 421 2734 laborans.
433 2703 574 2734 lllCCCCXClIIl.
585 2703 673 2734 Indictione
683 2704 784 2735 duodecima.
