<?xml version="1.0" encoding="UTF-8"?>
<!DOCTYPE html PUBLIC "-//W3C//DTD XHTML 1.0 Transitional//EN"
    "http://www.w3.org/TR/xhtml1/DTD/xhtml1-transitional.dtd">
<html xmlns="http://www.w3.org/1999/xhtml" xml:lang="en" lang="en">
 <head>
  <title>
</title>
<meta http-equiv="Content-Type" content="text/html;charset=utf-8" />
  <meta name='ocr-system' content='tesseract 3.04.00' />
  <meta name='ocr-capabilities' content='ocr_page ocr_carea ocr_par ocr_line ocrx_word'/>
</head>
<body>
  <div class='ocr_page' id='page_1' title='image "MN5032ucmf_2_0228.png"; bbox 0 0 1968 3023; ppageno 0'>
   <div class='ocr_carea' id='block_1_1' title="bbox 45 589 133 755">
    <p class='ocr_par' dir='ltr' id='par_1_1' title="bbox 45 589 133 755">
     <span class='ocr_line' id='line_1_1' title="bbox 71 589 133 616; baseline 0 -1"><span class='ocrx_word' id='word_1_1' title='bbox 71 589 106 616; x_wconf 84' lang='lat' dir='ltr'>Fons</span> <span class='ocrx_word' id='word_1_2' title='bbox 115 590 133 615; x_wconf 83' lang='lat' dir='ltr'>la-</span> 
     </span>
     <span class='ocr_line' id='line_1_2' title="bbox 49 623 131 658; baseline 0.012 -9"><span class='ocrx_word' id='word_1_3' title='bbox 49 623 131 658; x_wconf 85' lang='lat' dir='ltr'>clrryrnarurn</span> 
     </span>
     <span class='ocr_line' id='line_1_3' title="bbox 45 659 132 686; baseline 0.011 -2"><span class='ocrx_word' id='word_1_4' title='bbox 45 668 52 684; x_wconf 91' lang='lat' dir='ltr'>e</span> <span class='ocrx_word' id='word_1_5' title='bbox 62 659 132 686; x_wconf 84' lang='lat' dir='ltr'>diversis</span> 
     </span>
     <span class='ocr_line' id='line_1_4' title="bbox 45 695 132 727; baseline 0 -8"><span class='ocrx_word' id='word_1_6' title='bbox 45 695 81 727; x_wconf 77' lang='lat' dir='ltr'>venis</span> <span class='ocrx_word' id='word_1_7' title='bbox 91 701 132 721; x_wconf 82' lang='lat' dir='ltr'>staru-</span> 
     </span>
     <span class='ocr_line' id='line_1_5' title="bbox 45 736 65 755; baseline 0 0"><span class='ocrx_word' id='word_1_8' title='bbox 45 736 65 755; x_wconf 84' lang='lat' dir='ltr'>rit.</span> 
     </span>
    </p>
   </div>
   <div class='ocr_carea' id='block_1_2' title="bbox 40 1182 129 1424">
    <p class='ocr_par' dir='ltr' id='par_1_2' title="bbox 40 1182 129 1424">
     <span class='ocr_line' id='line_1_6' title="bbox 73 1182 129 1208; baseline 0 0"><span class='ocrx_word' id='word_1_9' title='bbox 73 1182 129 1208; x_wconf 84' lang='grc'><strong>11111111-</strong></span> 
     </span>
     <span class='ocr_line' id='line_1_7' title="bbox 42 1216 129 1243; baseline 0.023 -2"><span class='ocrx_word' id='word_1_10' title='bbox 42 1216 57 1242; x_wconf 80' lang='lat' dir='ltr'>lis</span> <span class='ocrx_word' id='word_1_11' title='bbox 67 1218 129 1243; x_wconf 78' lang='lat' dir='ltr'>obedien-</span> 
     </span>
     <span class='ocr_line' id='line_1_8' title="bbox 41 1252 129 1282; baseline 0.023 -6"><span class='ocrx_word' id='word_1_12' title='bbox 41 1252 65 1282; x_wconf 85' lang='lat' dir='ltr'>tia,</span> <span class='ocrx_word' id='word_1_13' title='bbox 75 1260 88 1278; x_wconf 86' lang='lat' dir='ltr'>er</span> <span class='ocrx_word' id='word_1_14' title='bbox 99 1253 129 1278; x_wconf 85' lang='lat' dir='ltr'>cha·</span> 
     </span>
     <span class='ocr_line' id='line_1_9' title="bbox 41 1287 128 1313; baseline 0.023 -3"><span class='ocrx_word' id='word_1_15' title='bbox 41 1287 61 1311; x_wconf 89' lang='lat' dir='ltr'>rit</span> <span class='ocrx_word' id='word_1_16' title='bbox 65 1294 88 1313; x_wconf 76' lang='lat' dir='ltr'>as:</span> <span class='ocrx_word' id='word_1_17' title='bbox 98 1288 128 1313; x_wconf 85' lang='lat' dir='ltr'>duo</span> 
     </span>
     <span class='ocr_line' id='line_1_10' title="bbox 41 1320 128 1347; baseline 0.023 -2"><span class='ocrx_word' id='word_1_18' title='bbox 41 1320 72 1346; x_wconf 84' lang='lat' dir='ltr'>haec</span> <span class='ocrx_word' id='word_1_19' title='bbox 78 1323 101 1347; x_wconf 87' lang='lat' dir='ltr'>nisi</span> <span class='ocrx_word' id='word_1_20' title='bbox 107 1322 128 1347; x_wconf 91' lang='lat' dir='ltr'>ad-</span> 
     </span>
     <span class='ocr_line' id='line_1_11' title="bbox 41 1356 128 1387; baseline 0.011 -7"><span class='ocrx_word' id='word_1_21' title='bbox 41 1356 73 1387; x_wconf 78' lang='lat' dir='ltr'>sint,</span> <span class='ocrx_word' id='word_1_22' title='bbox 87 1356 128 1382; x_wconf 93' lang='lat' dir='ltr'>nihil</span> 
     </span>
     <span class='ocr_line' id='line_1_12' title="bbox 40 1392 98 1424; baseline 0.034 -9"><span class='ocrx_word' id='word_1_23' title='bbox 40 1392 98 1424; x_wconf 81' lang='lat' dir='ltr'>prodest.</span> 
     </span>
    </p>
   </div>
   <div class='ocr_carea' id='block_1_3' title="bbox 159 144 686 196">
    <p class='ocr_par' dir='ltr' id='par_1_3' title="bbox 159 144 686 196">
     <span class='ocr_line' id='line_1_13' title="bbox 159 144 686 196; baseline 0.004 -15"><span class='ocrx_word' id='word_1_24' title='bbox 159 146 193 181; x_wconf 78' lang='lat'>216</span> <span class='ocrx_word' id='word_1_25' title='bbox 369 145 396 182; x_wconf 83' lang='lat' dir='ltr'>Dr</span> <span class='ocrx_word' id='word_1_26' title='bbox 409 145 499 196; x_wconf 74' lang='lat' dir='ltr'>coguitioue</span> <span class='ocrx_word' id='word_1_27' title='bbox 512 145 577 194; x_wconf 74' lang='lat' dir='ltr'>gaulino</span> <span class='ocrx_word' id='word_1_28' title='bbox 590 144 686 194; x_wconf 80' lang='lat' dir='ltr'>spiritualis.</span> 
     </span>
    </p>
   </div>
   <div class='ocr_carea' id='block_1_4' title="bbox 147 222 894 1576">
    <p class='ocr_par' dir='ltr' id='par_1_4' title="bbox 147 222 894 1576">
     <span class='ocr_line' id='line_1_14' title="bbox 155 222 890 273; baseline 0.003 -14"><span class='ocrx_word' id='word_1_29' title='bbox 155 223 252 260; x_wconf 86' lang='lat' dir='ltr'>siderandis</span> <span class='ocrx_word' id='word_1_30' title='bbox 267 222 367 261; x_wconf 79' lang='lat' dir='ltr'>defectibus</span> <span class='ocrx_word' id='word_1_31' title='bbox 381 225 458 273; x_wconf 87' lang='lat' dir='ltr'>propriis</span> <span class='ocrx_word' id='word_1_32' title='bbox 472 237 509 261; x_wconf 80' lang='lat' dir='ltr'>esse</span> <span class='ocrx_word' id='word_1_33' title='bbox 522 225 639 262; x_wconf 84' lang='lat' dir='ltr'>tardissimos.</span> <span class='ocrx_word' id='word_1_34' title='bbox 653 225 706 272; x_wconf 81' lang='lat' dir='ltr'>Signa</span> <span class='ocrx_word' id='word_1_35' title='bbox 720 233 761 260; x_wconf 92' lang='lat' dir='ltr'>sunt</span> <span class='ocrx_word' id='word_1_36' title='bbox 774 223 816 261; x_wconf 91' lang='lat' dir='ltr'>haec</span> <span class='ocrx_word' id='word_1_37' title='bbox 829 225 890 261; x_wconf 89' lang='lat' dir='ltr'>instiu-</span> 
     </span>
     <span class='ocr_line' id='line_1_15' title="bbox 156 282 888 333; baseline 0.003 -14"><span class='ocrx_word' id='word_1_38' title='bbox 156 292 195 319; x_wconf 87' lang='lat' dir='ltr'>ctus</span> <span class='ocrx_word' id='word_1_39' title='bbox 209 282 318 320; x_wconf 87' lang='lat' dir='ltr'>daemonum</span> <span class='ocrx_word' id='word_1_40' title='bbox 332 285 441 331; x_wconf 89' lang='lat' dir='ltr'>certissima;</span> <span class='ocrx_word' id='word_1_41' title='bbox 455 295 471 322; x_wconf 93' lang='lat' dir='ltr'>et</span> <span class='ocrx_word' id='word_1_42' title='bbox 486 293 598 333; x_wconf 80' lang='lat' dir='ltr'>contemptae</span> <span class='ocrx_word' id='word_1_43' title='bbox 611 284 721 321; x_wconf 77' lang='lat' dir='ltr'>necessariae</span> <span class='ocrx_word' id='word_1_44' title='bbox 735 283 888 330; x_wconf 86' lang='lat' dir='ltr'>mortificationis,</span> 
     </span>
     <span class='ocr_line' id='line_1_16' title="bbox 154 341 890 393; baseline 0.004 -15"><span class='ocrx_word' id='word_1_45' title='bbox 154 341 288 392; x_wconf 85' lang='lat' dir='ltr'>voluntatisque</span> <span class='ocrx_word' id='word_1_46' title='bbox 298 344 381 393; x_wconf 88' lang='lat' dir='ltr'>propriae</span> <span class='ocrx_word' id='word_1_47' title='bbox 394 342 459 381; x_wconf 88' lang='lat' dir='ltr'>indicia</span> <span class='ocrx_word' id='word_1_48' title='bbox 473 343 573 381; x_wconf 74' lang='lat' dir='ltr'>manifesta.</span> <span class='ocrx_word' id='word_1_49' title='bbox 587 343 686 393; x_wconf 78' lang='lat' dir='ltr'>Religionis</span> <span class='ocrx_word' id='word_1_50' title='bbox 695 355 776 391; x_wconf 82' lang='lat' dir='ltr'>maguae,</span> <span class='ocrx_word' id='word_1_51' title='bbox 785 354 802 380; x_wconf 93' lang='lat' dir='ltr'>et</span> <span class='ocrx_word' id='word_1_52' title='bbox 811 345 890 381; x_wconf 89' lang='lat' dir='ltr'>internae</span> 
     </span>
     <span class='ocr_line' id='line_1_17' title="bbox 154 400 889 451; baseline 0.001 -13"><span class='ocrx_word' id='word_1_53' title='bbox 154 400 255 439; x_wconf 86' lang='lat' dir='ltr'>deuotionis</span> <span class='ocrx_word' id='word_1_54' title='bbox 274 402 352 440; x_wconf 87' lang='lat' dir='ltr'>cultores</span> <span class='ocrx_word' id='word_1_55' title='bbox 366 415 398 439; x_wconf 86' lang='lat' dir='ltr'>vos</span> <span class='ocrx_word' id='word_1_56' title='bbox 417 416 455 439; x_wconf 85' lang='lat' dir='ltr'>esse</span> <span class='ocrx_word' id='word_1_57' title='bbox 474 401 570 451; x_wconf 83' lang='lat' dir='ltr'>perfectos,</span> <span class='ocrx_word' id='word_1_58' title='bbox 585 412 601 439; x_wconf 91' lang='lat' dir='ltr'>et</span> <span class='ocrx_word' id='word_1_59' title='bbox 617 412 688 439; x_wconf 90' lang='lat' dir='ltr'>sanctos</span> <span class='ocrx_word' id='word_1_60' title='bbox 707 400 788 447; x_wconf 78' lang='lat' dir='ltr'>creditis3</span> <span class='ocrx_word' id='word_1_61' title='bbox 802 412 819 438; x_wconf 91' lang='lat' dir='ltr'>et</span> <span class='ocrx_word' id='word_1_62' title='bbox 832 415 889 451; x_wconf 90' lang='lat' dir='ltr'>neque</span> 
     </span>
     <span class='ocr_line' id='line_1_18' title="bbox 154 459 888 510; baseline 0.001 -13"><span class='ocrx_word' id='word_1_63' title='bbox 154 459 249 498; x_wconf 82' lang='lat' dir='ltr'>fraternam</span> <span class='ocrx_word' id='word_1_64' title='bbox 265 461 380 508; x_wconf 88' lang='lat' dir='ltr'>charitatem,</span> <span class='ocrx_word' id='word_1_65' title='bbox 394 474 451 510; x_wconf 88' lang='lat' dir='ltr'>neque</span> <span class='ocrx_word' id='word_1_66' title='bbox 465 474 526 498; x_wconf 88' lang='lat' dir='ltr'>veram</span> <span class='ocrx_word' id='word_1_67' title='bbox 540 460 660 498; x_wconf 78' lang='lat' dir='ltr'>humilitatem</span> <span class='ocrx_word' id='word_1_68' title='bbox 674 461 691 498; x_wconf 91' lang='lat' dir='ltr'>in</span> <span class='ocrx_word' id='word_1_69' title='bbox 705 459 755 497; x_wconf 89' lang='lat' dir='ltr'>vobis</span> <span class='ocrx_word' id='word_1_70' title='bbox 771 463 888 498; x_wconf 89' lang='lat' dir='ltr'>necessariam</span> 
     </span>
     <span class='ocr_line' id='line_1_19' title="bbox 153 518 888 568; baseline 0.003 -12"><span class='ocrx_word' id='word_1_71' title='bbox 153 521 245 558; x_wconf 86' lang='lat' dir='ltr'>monachis</span> <span class='ocrx_word' id='word_1_72' title='bbox 260 520 333 559; x_wconf 87' lang='lat' dir='ltr'>habetis.</span> <span class='ocrx_word' id='word_1_73' title='bbox 352 520 457 558; x_wconf 88' lang='lat' dir='ltr'>Seusibilem</span> <span class='ocrx_word' id='word_1_74' title='bbox 471 521 489 558; x_wconf 87' lang='grc'>111</span> <span class='ocrx_word' id='word_1_75' title='bbox 503 518 614 558; x_wconf 88' lang='lat' dir='ltr'>orationibus</span> <span class='ocrx_word' id='word_1_76' title='bbox 632 521 748 557; x_wconf 88' lang='lat' dir='ltr'>devotionem</span> <span class='ocrx_word' id='word_1_77' title='bbox 764 520 856 568; x_wconf 85' lang='lat' dir='ltr'>quaeritis,</span> <span class='ocrx_word' id='word_1_78' title='bbox 870 532 888 558; x_wconf 86' lang='lat' dir='ltr'>et</span> 
     </span>
     <span class='ocr_line' id='line_1_20' title="bbox 153 578 888 629; baseline 0.001 -14"><span class='ocrx_word' id='word_1_79' title='bbox 153 578 305 629; x_wconf 76' lang='lat' dir='ltr'>lachrymantibus</span> <span class='ocrx_word' id='word_1_80' title='bbox 322 580 380 618; x_wconf 91' lang='lat' dir='ltr'>oculis</span> <span class='ocrx_word' id='word_1_81' title='bbox 396 581 431 616; x_wconf 87' lang='lat' dir='ltr'>iam</span> <span class='ocrx_word' id='word_1_82' title='bbox 448 580 482 617; x_wconf 88' lang='lat' dir='ltr'>Dei</span> <span class='ocrx_word' id='word_1_83' title='bbox 499 592 531 616; x_wconf 80' lang='lat' dir='ltr'>vos</span> <span class='ocrx_word' id='word_1_84' title='bbox 549 579 616 616; x_wconf 81' lang='lat' dir='ltr'>arriicos</span> <span class='ocrx_word' id='word_1_85' title='bbox 634 580 745 616; x_wconf 79' lang='lat' dir='ltr'>existimatis,</span> <span class='ocrx_word' id='word_1_86' title='bbox 762 579 810 623; x_wconf 84' lang='lat' dir='ltr'>Quid</span> <span class='ocrx_word' id='word_1_87' title='bbox 827 581 888 617; x_wconf 81' lang='lat' dir='ltr'>enim?</span> 
     </span>
     <span class='ocr_line' id='line_1_21' title="bbox 152 638 887 689; baseline 0.001 -14"><span class='ocrx_word' id='word_1_88' title='bbox 152 639 259 676; x_wconf 86' lang='lat' dir='ltr'>Faciuntne</span> <span class='ocrx_word' id='word_1_89' title='bbox 273 650 353 676; x_wconf 88' lang='lat' dir='ltr'>sanctum</span> <span class='ocrx_word' id='word_1_90' title='bbox 363 640 381 676; x_wconf 92' lang='lat' dir='ltr'>in</span> <span class='ocrx_word' id='word_1_91' title='bbox 391 638 502 677; x_wconf 89' lang='lat' dir='ltr'>orationibus</span> <span class='ocrx_word' id='word_1_92' title='bbox 515 638 623 687; x_wconf 76' lang='lat' dir='ltr'>lachrymae,</span> <span class='ocrx_word' id='word_1_93' title='bbox 633 638 704 688; x_wconf 83' lang='lat' dir='ltr'>qtundo</span> <span class='ocrx_word' id='word_1_94' title='bbox 718 650 778 676; x_wconf 83' lang='grc'><strong>0111111</strong></span> <span class='ocrx_word' id='word_1_95' title='bbox 792 651 832 675; x_wconf 85' lang='lat' dir='ltr'>cunr</span> <span class='ocrx_word' id='word_1_96' title='bbox 846 653 887 689; x_wconf 87' lang='lat' dir='ltr'>qua·</span> 
     </span>
     <span class='ocr_line' id='line_1_22' title="bbox 153 697 887 747; baseline 0.003 -13"><span class='ocrx_word' id='word_1_97' title='bbox 153 697 192 735; x_wconf 86' lang='lat' dir='ltr'>darn</span> <span class='ocrx_word' id='word_1_98' title='bbox 206 698 283 736; x_wconf 83' lang='lat' dir='ltr'>elatione</span> <span class='ocrx_word' id='word_1_99' title='bbox 301 699 367 736; x_wconf 87' lang='lat' dir='ltr'>mentis</span> <span class='ocrx_word' id='word_1_100' title='bbox 381 700 419 736; x_wconf 84' lang='lat' dir='ltr'>sine</span> <span class='ocrx_word' id='word_1_101' title='bbox 432 711 474 735; x_wconf 83' lang='lat' dir='ltr'>uera</span> <span class='ocrx_word' id='word_1_102' title='bbox 492 698 604 735; x_wconf 82' lang='lat' dir='ltr'>humilitate?</span> <span class='ocrx_word' id='word_1_103' title='bbox 619 699 655 735; x_wconf 88' lang='lat' dir='ltr'>Dat</span> <span class='ocrx_word' id='word_1_104' title='bbox 669 698 769 747; x_wconf 78' lang='lat' dir='ltr'>lachrymas</span> <span class='ocrx_word' id='word_1_105' title='bbox 783 699 841 735; x_wconf 85' lang='lat' dir='ltr'>Deus:</span> <span class='ocrx_word' id='word_1_106' title='bbox 858 698 887 736; x_wconf 92' lang='lat' dir='ltr'>dat</span> 
     </span>
     <span class='ocr_line' id='line_1_23' title="bbox 152 755 886 806; baseline 0.001 -12"><span class='ocrx_word' id='word_1_107' title='bbox 152 758 244 795; x_wconf 87' lang='lat' dir='ltr'>contrariis</span> <span class='ocrx_word' id='word_1_108' title='bbox 254 758 334 806; x_wconf 86' lang='lat' dir='ltr'>pulsatus</span> <span class='ocrx_word' id='word_1_109' title='bbox 343 759 423 804; x_wconf 81' lang='lat' dir='ltr'>auimns3</span> <span class='ocrx_word' id='word_1_110' title='bbox 439 757 468 794; x_wconf 89' lang='lat' dir='ltr'>dat</span> <span class='ocrx_word' id='word_1_111' title='bbox 481 758 534 794; x_wconf 88' lang='lat' dir='ltr'>etiam</span> <span class='ocrx_word' id='word_1_112' title='bbox 546 757 630 806; x_wconf 88' lang='lat' dir='ltr'>deceptor</span> <span class='ocrx_word' id='word_1_113' title='bbox 641 757 729 795; x_wconf 87' lang='lat' dir='ltr'>elatorum</span> <span class='ocrx_word' id='word_1_114' title='bbox 738 755 824 795; x_wconf 87' lang='lat' dir='ltr'>diabolus.</span> <span class='ocrx_word' id='word_1_115' title='bbox 837 757 886 795; x_wconf 88' lang='lat' dir='ltr'>Deus</span> 
     </span>
     <span class='ocr_line' id='line_1_24' title="bbox 152 815 887 866; baseline 0.001 -13"><span class='ocrx_word' id='word_1_116' title='bbox 152 826 230 854; x_wconf 89' lang='lat' dir='ltr'>mentem</span> <span class='ocrx_word' id='word_1_117' title='bbox 244 818 262 854; x_wconf 90' lang='lat' dir='ltr'>in</span> <span class='ocrx_word' id='word_1_118' title='bbox 272 830 313 854; x_wconf 82' lang='lat' dir='ltr'>vera</span> <span class='ocrx_word' id='word_1_119' title='bbox 327 817 413 854; x_wconf 84' lang='lat' dir='ltr'>charitate</span> <span class='ocrx_word' id='word_1_120' title='bbox 428 816 546 863; x_wconf 84' lang='lat' dir='ltr'>humiliatam,</span> <span class='ocrx_word' id='word_1_121' title='bbox 556 818 606 866; x_wconf 85' lang='lat' dir='ltr'>quasi</span> <span class='ocrx_word' id='word_1_122' title='bbox 615 828 686 866; x_wconf 89' lang='lat' dir='ltr'>pratum</span> <span class='ocrx_word' id='word_1_123' title='bbox 700 815 779 853; x_wconf 83' lang='lat' dir='ltr'>dulcibus</span> <span class='ocrx_word' id='word_1_124' title='bbox 793 816 887 854; x_wconf 86' lang='lat' dir='ltr'>foecundat</span> 
     </span>
     <span class='ocr_line' id='line_1_25' title="bbox 151 875 886 927; baseline 0.003 -15"><span class='ocrx_word' id='word_1_125' title='bbox 151 877 256 925; x_wconf 82' lang='lat' dir='ltr'>laclrrymis;</span> <span class='ocrx_word' id='word_1_126' title='bbox 270 887 333 913; x_wconf 88' lang='lat' dir='ltr'>natura</span> <span class='ocrx_word' id='word_1_127' title='bbox 346 878 448 926; x_wconf 88' lang='lat' dir='ltr'>plorantem</span> <span class='ocrx_word' id='word_1_128' title='bbox 462 887 566 913; x_wconf 81' lang='lat' dir='ltr'>commouet</span> <span class='ocrx_word' id='word_1_129' title='bbox 575 876 592 912; x_wconf 89' lang='lat' dir='ltr'>in</span> <span class='ocrx_word' id='word_1_130' title='bbox 604 877 693 922; x_wconf 86' lang='lat' dir='ltr'>adversis;</span> <span class='ocrx_word' id='word_1_131' title='bbox 708 875 786 914; x_wconf 84' lang='lat' dir='ltr'>diabolus</span> <span class='ocrx_word' id='word_1_132' title='bbox 800 890 886 927; x_wconf 90' lang='lat' dir='ltr'>aquarum</span> 
     </span>
     <span class='ocr_line' id='line_1_26' title="bbox 151 935 886 984; baseline 0.004 -13"><span class='ocrx_word' id='word_1_133' title='bbox 151 935 218 974; x_wconf 78' lang='lat' dir='ltr'>rivulos</span> <span class='ocrx_word' id='word_1_134' title='bbox 238 935 316 973; x_wconf 75' lang='lat' dir='ltr'>infundit</span> <span class='ocrx_word' id='word_1_135' title='bbox 335 935 367 973; x_wconf 95' lang='lat' dir='ltr'>sub</span> <span class='ocrx_word' id='word_1_136' title='bbox 385 935 486 973; x_wconf 84' lang='lat' dir='ltr'>devotionis</span> <span class='ocrx_word' id='word_1_137' title='bbox 504 935 621 973; x_wconf 84' lang='lat' dir='ltr'>similitudine</span> <span class='ocrx_word' id='word_1_138' title='bbox 640 935 726 984; x_wconf 86' lang='lat' dir='ltr'>superbis.</span> <span class='ocrx_word' id='word_1_139' title='bbox 743 936 839 973; x_wconf 88' lang='lat' dir='ltr'>Humilitas</span> <span class='ocrx_word' id='word_1_140' title='bbox 859 947 886 974; x_wconf 91' lang='lat' dir='ltr'>est</span> 
     </span>
     <span class='ocr_line' id='line_1_27' title="bbox 150 994 885 1045; baseline 0.003 -14"><span class='ocrx_word' id='word_1_141' title='bbox 150 995 206 1032; x_wconf 89' lang='lat' dir='ltr'>virtus</span> <span class='ocrx_word' id='word_1_142' title='bbox 224 997 288 1041; x_wconf 85' lang='lat' dir='ltr'>urriea,</span> <span class='ocrx_word' id='word_1_143' title='bbox 303 997 379 1045; x_wconf 85' lang='lat' dir='ltr'>quaein</span> <span class='ocrx_word' id='word_1_144' title='bbox 393 995 487 1032; x_wconf 87' lang='lat' dir='ltr'>latitudine</span> <span class='ocrx_word' id='word_1_145' title='bbox 505 995 594 1032; x_wconf 88' lang='lat' dir='ltr'>charitatis</span> <span class='ocrx_word' id='word_1_146' title='bbox 607 994 649 1033; x_wconf 80' lang='lat' dir='ltr'>facit</span> <span class='ocrx_word' id='word_1_147' title='bbox 663 995 716 1032; x_wconf 86' lang='lat' dir='ltr'>corda</span> <span class='ocrx_word' id='word_1_148' title='bbox 729 994 822 1032; x_wconf 87' lang='lat' dir='ltr'>hominum</span> <span class='ocrx_word' id='word_1_149' title='bbox 836 1008 885 1033; x_wconf 81' lang='lat' dir='ltr'>vera-</span> 
     </span>
     <span class='ocr_line' id='line_1_28' title="bbox 151 1050 894 1104; baseline 0.004 -14"><span class='ocrx_word' id='word_1_150' title='bbox 151 1054 194 1091; x_wconf 92' lang='lat' dir='ltr'>citer</span> <span class='ocrx_word' id='word_1_151' title='bbox 208 1054 278 1092; x_wconf 88' lang='lat' dir='ltr'>devota.</span> <span class='ocrx_word' id='word_1_152' title='bbox 295 1055 346 1092; x_wconf 89' lang='lat' dir='ltr'>Nihil</span> <span class='ocrx_word' id='word_1_153' title='bbox 362 1054 394 1092; x_wconf 89' lang='lat' dir='ltr'>tibi</span> <span class='ocrx_word' id='word_1_154' title='bbox 411 1054 490 1103; x_wconf 87' lang='lat' dir='ltr'>prodest,</span> <span class='ocrx_word' id='word_1_155' title='bbox 504 1068 515 1091; x_wconf 91' lang='grc'><strong>0</strong></span> <span class='ocrx_word' id='word_1_156' title='bbox 528 1055 625 1101; x_wconf 86' lang='lat' dir='ltr'>monache,</span> <span class='ocrx_word' id='word_1_157' title='bbox 638 1054 722 1104; x_wconf 87' lang='lat' dir='ltr'>quicquid</span> <span class='ocrx_word' id='word_1_158' title='bbox 735 1056 752 1091; x_wconf 91' lang='lat' dir='ltr'>in</span> <span class='ocrx_word' id='word_1_159' title='bbox 765 1065 794 1091; x_wconf 88' lang='lat' dir='ltr'>tua</span> <span class='ocrx_word' id='word_1_160' title='bbox 808 1050 894 1104; x_wconf 54' lang='lat' dir='ltr'>singula?</span> 
     </span>
     <span class='ocr_line' id='line_1_29' title="bbox 150 1113 885 1165; baseline 0.004 -16"><span class='ocrx_word' id='word_1_161' title='bbox 150 1113 201 1150; x_wconf 84' lang='lat' dir='ltr'>ritate</span> <span class='ocrx_word' id='word_1_162' title='bbox 215 1114 289 1160; x_wconf 86' lang='lat' dir='ltr'>leceris,</span> <span class='ocrx_word' id='word_1_163' title='bbox 305 1115 319 1150; x_wconf 92' lang='lat' dir='ltr'>si</span> <span class='ocrx_word' id='word_1_164' title='bbox 333 1126 394 1150; x_wconf 83' lang='lat' dir='ltr'>verani</span> <span class='ocrx_word' id='word_1_165' title='bbox 408 1114 528 1151; x_wconf 84' lang='lat' dir='ltr'>lunnilitntenr</span> <span class='ocrx_word' id='word_1_166' title='bbox 542 1127 578 1151; x_wconf 90' lang='grc'><strong>11011</strong></span> <span class='ocrx_word' id='word_1_167' title='bbox 593 1113 654 1151; x_wconf 87' lang='lat' dir='ltr'>habeas</span> <span class='ocrx_word' id='word_1_168' title='bbox 668 1127 708 1150; x_wconf 91' lang='lat' dir='ltr'>curn</span> <span class='ocrx_word' id='word_1_169' title='bbox 722 1114 791 1151; x_wconf 78' lang='lat' dir='ltr'>fervore</span> <span class='ocrx_word' id='word_1_170' title='bbox 804 1117 885 1165; x_wconf 83' lang='lat' dir='ltr'>getninae</span> 
     </span>
     <span class='ocr_line' id='line_1_30' title="bbox 149 1172 885 1224; baseline 0.004 -15"><span class='ocrx_word' id='word_1_171' title='bbox 149 1172 244 1210; x_wconf 70' lang='lat' dir='ltr'>clariritatis.</span> <span class='ocrx_word' id='word_1_172' title='bbox 259 1173 312 1220; x_wconf 89' lang='lat' dir='ltr'>Nam,</span> <span class='ocrx_word' id='word_1_173' title='bbox 322 1172 344 1210; x_wconf 89' lang='lat' dir='ltr'>ad</span> <span class='ocrx_word' id='word_1_174' title='bbox 353 1184 450 1210; x_wconf 88' lang='lat' dir='ltr'>nocturnas</span> <span class='ocrx_word' id='word_1_175' title='bbox 464 1184 504 1210; x_wconf 90' lang='lat' dir='ltr'>ante</span> <span class='ocrx_word' id='word_1_176' title='bbox 518 1173 561 1210; x_wconf 88' lang='lat' dir='ltr'>alios</span> <span class='ocrx_word' id='word_1_177' title='bbox 575 1186 648 1222; x_wconf 81' lang='lat' dir='ltr'>surgere</span> <span class='ocrx_word' id='word_1_178' title='bbox 662 1173 728 1220; x_wconf 85' lang='lat' dir='ltr'>laudes,</span> <span class='ocrx_word' id='word_1_179' title='bbox 741 1173 803 1223; x_wconf 82' lang='lat' dir='ltr'>longas</span> <span class='ocrx_word' id='word_1_180' title='bbox 816 1185 885 1224; x_wconf 86' lang='lat' dir='ltr'>praeter</span> 
     </span>
     <span class='ocr_line' id='line_1_31' title="bbox 149 1231 884 1282; baseline 0.001 -13"><span class='ocrx_word' id='word_1_181' title='bbox 149 1232 299 1270; x_wconf 84' lang='lat' dir='ltr'>consuetudinem</span> <span class='ocrx_word' id='word_1_182' title='bbox 314 1233 382 1270; x_wconf 87' lang='lat' dir='ltr'>ordinis</span> <span class='ocrx_word' id='word_1_183' title='bbox 393 1234 410 1269; x_wconf 94' lang='lat' dir='ltr'>in</span> <span class='ocrx_word' id='word_1_184' title='bbox 420 1233 490 1282; x_wconf 83' lang='lat' dir='ltr'>privato</span> <span class='ocrx_word' id='word_1_185' title='bbox 504 1231 562 1268; x_wconf 87' lang='lat' dir='ltr'>dicere</span> <span class='ocrx_word' id='word_1_186' title='bbox 576 1233 671 1278; x_wconf 88' lang='lat' dir='ltr'>orationes,</span> <span class='ocrx_word' id='word_1_187' title='bbox 684 1232 770 1269; x_wconf 88' lang='lat' dir='ltr'>ieiunium</span> <span class='ocrx_word' id='word_1_188' title='bbox 784 1233 884 1271; x_wconf 77' lang='grc'><strong>1111111011-</strong></span> 
     </span>
     <span class='ocr_line' id='line_1_32' title="bbox 148 1290 884 1341; baseline 0 -13"><span class='ocrx_word' id='word_1_189' title='bbox 148 1294 231 1329; x_wconf 86' lang='lat' dir='ltr'>stitutum</span> <span class='ocrx_word' id='word_1_190' title='bbox 244 1291 316 1341; x_wconf 84' lang='lat' dir='ltr'>regulae</span> <span class='ocrx_word' id='word_1_191' title='bbox 331 1292 443 1337; x_wconf 86' lang='lat' dir='ltr'>continuare,</span> <span class='ocrx_word' id='word_1_192' title='bbox 453 1292 492 1328; x_wconf 83' lang='lat' dir='ltr'>aliis</span> <span class='ocrx_word' id='word_1_193' title='bbox 506 1291 554 1328; x_wconf 89' lang='lat' dir='ltr'>licite</span> <span class='ocrx_word' id='word_1_194' title='bbox 567 1290 721 1338; x_wconf 86' lang='lat' dir='ltr'>manducantibus,</span> <span class='ocrx_word' id='word_1_195' title='bbox 734 1292 752 1328; x_wconf 94' lang='lat' dir='ltr'>in</span> <span class='ocrx_word' id='word_1_196' title='bbox 765 1302 833 1328; x_wconf 87' lang='lat' dir='ltr'>secreto</span> <span class='ocrx_word' id='word_1_197' title='bbox 846 1305 884 1329; x_wconf 86' lang='lat' dir='ltr'>nra-</span> 
     </span>
     <span class='ocr_line' id='line_1_33' title="bbox 148 1349 884 1399; baseline 0.001 -12"><span class='ocrx_word' id='word_1_198' title='bbox 148 1364 196 1398; x_wconf 84' lang='lat' dir='ltr'>nere,</span> <span class='ocrx_word' id='word_1_199' title='bbox 211 1352 285 1389; x_wconf 87' lang='lat' dir='ltr'>caeteris</span> <span class='ocrx_word' id='word_1_200' title='bbox 299 1351 320 1387; x_wconf 87' lang='lat' dir='ltr'>ad</span> <span class='ocrx_word' id='word_1_201' title='bbox 334 1363 452 1388; x_wconf 86' lang='lat' dir='ltr'>communem</span> <span class='ocrx_word' id='word_1_202' title='bbox 468 1349 549 1388; x_wconf 87' lang='lat' dir='ltr'>laborem</span> <span class='ocrx_word' id='word_1_203' title='bbox 567 1349 706 1399; x_wconf 81' lang='lat' dir='ltr'>egredientibus,</span> <span class='ocrx_word' id='word_1_204' title='bbox 720 1350 755 1392; x_wconf 86' lang='lat' dir='ltr'>duo</span> <span class='ocrx_word' id='word_1_205' title='bbox 768 1350 834 1387; x_wconf 79' lang='lat' dir='ltr'>faciunt</span> <span class='ocrx_word' id='word_1_206' title='bbox 847 1365 884 1388; x_wconf 90' lang='lat' dir='ltr'>me·</span> 
     </span>
     <span class='ocr_line' id='line_1_34' title="bbox 148 1408 883 1459; baseline 0.001 -13"><span class='ocrx_word' id='word_1_207' title='bbox 148 1409 221 1447; x_wconf 76' lang='lat' dir='ltr'>ritoriai</span> <span class='ocrx_word' id='word_1_208' title='bbox 236 1423 282 1459; x_wconf 88' lang='lat' dir='ltr'>quae</span> <span class='ocrx_word' id='word_1_209' title='bbox 296 1411 310 1446; x_wconf 93' lang='lat' dir='ltr'>si</span> <span class='ocrx_word' id='word_1_210' title='bbox 324 1408 419 1456; x_wconf 73' lang='lat' dir='ltr'>doluerint,</span> <span class='ocrx_word' id='word_1_211' title='bbox 431 1419 494 1446; x_wconf 91' lang='lat' dir='ltr'>cuncta</span> <span class='ocrx_word' id='word_1_212' title='bbox 508 1419 559 1446; x_wconf 85' lang='lat' dir='ltr'>erunt</span> <span class='ocrx_word' id='word_1_213' title='bbox 572 1409 769 1458; x_wconf 53' lang='grc'>111111111111111111111011.1</span> <span class='ocrx_word' id='word_1_214' title='bbox 781 1411 883 1458; x_wconf 80' lang='lat' dir='ltr'>Enirnuero,</span> 
     </span>
     <span class='ocr_line' id='line_1_35' title="bbox 147 1467 882 1519; baseline -0.001 -12"><span class='ocrx_word' id='word_1_215' title='bbox 147 1468 231 1519; x_wconf 90' lang='lat' dir='ltr'>quicquid</span> <span class='ocrx_word' id='word_1_216' title='bbox 244 1482 319 1518; x_wconf 89' lang='lat' dir='ltr'>operum</span> <span class='ocrx_word' id='word_1_217' title='bbox 334 1469 419 1507; x_wconf 84' lang='lat' dir='ltr'>monachi</span> <span class='ocrx_word' id='word_1_218' title='bbox 429 1468 510 1515; x_wconf 83' lang='lat' dir='ltr'>charitas,</span> <span class='ocrx_word' id='word_1_219' title='bbox 520 1479 537 1505; x_wconf 86' lang='lat' dir='ltr'>et</span> <span class='ocrx_word' id='word_1_220' title='bbox 547 1468 621 1505; x_wconf 85' lang='lat' dir='ltr'>humilis</span> <span class='ocrx_word' id='word_1_221' title='bbox 630 1467 730 1505; x_wconf 89' lang='lat' dir='ltr'>obedientia</span> <span class='ocrx_word' id='word_1_222' title='bbox 742 1481 778 1506; x_wconf 90' lang='lat' dir='ltr'>non</span> <span class='ocrx_word' id='word_1_223' title='bbox 792 1482 882 1506; x_wconf 77' lang='grc'><strong>1001111111-</strong></span> 
     </span>
     <span class='ocr_line' id='line_1_36' title="bbox 147 1527 881 1576; baseline 0 -10"><span class='ocrx_word' id='word_1_224' title='bbox 147 1530 233 1574; x_wconf 84' lang='lat' dir='ltr'>dayerint,</span> <span class='ocrx_word' id='word_1_225' title='bbox 247 1541 323 1565; x_wconf 79' lang='lat' dir='ltr'>uacuum</span> <span class='ocrx_word' id='word_1_226' title='bbox 337 1542 346 1565; x_wconf 88' lang='lat' dir='ltr'>a</span> <span class='ocrx_word' id='word_1_227' title='bbox 360 1529 425 1565; x_wconf 89' lang='lat' dir='ltr'>merito</span> <span class='ocrx_word' id='word_1_228' title='bbox 438 1527 545 1565; x_wconf 89' lang='lat' dir='ltr'>indicabitur</span> <span class='ocrx_word' id='word_1_229' title='bbox 558 1540 617 1564; x_wconf 90' lang='lat' dir='ltr'>coram</span> <span class='ocrx_word' id='word_1_230' title='bbox 631 1528 676 1574; x_wconf 84' lang='lat' dir='ltr'>Deo,</span> <span class='ocrx_word' id='word_1_231' title='bbox 690 1538 707 1564; x_wconf 91' lang='lat' dir='ltr'>et</span> <span class='ocrx_word' id='word_1_232' title='bbox 719 1529 798 1576; x_wconf 86' lang='lat' dir='ltr'>praemio</span> <span class='ocrx_word' id='word_1_233' title='bbox 813 1529 881 1566; x_wconf 88' lang='lat' dir='ltr'>carebit.</span> 
     </span>
    </p>
   </div>
   <div class='ocr_carea' id='block_1_5' title="bbox 92 1587 881 1637">
    <p class='ocr_par' dir='ltr' id='par_1_5' title="bbox 92 1587 881 1637">
     <span class='ocr_line' id='line_1_37' title="bbox 92 1587 881 1637; baseline -0.003 -11"><span class='ocrx_word' id='word_1_234' title='bbox 92 1592 96 1600; x_wconf 85' lang='lat'><em>&#39;</em></span> <span class='ocrx_word' id='word_1_235' title='bbox 146 1589 184 1626; x_wconf 86' lang='lat' dir='ltr'>Vos</span> <span class='ocrx_word' id='word_1_236' title='bbox 198 1598 267 1635; x_wconf 85' lang='lat' dir='ltr'>autem,</span> <span class='ocrx_word' id='word_1_237' title='bbox 282 1589 312 1637; x_wconf 87' lang='lat' dir='ltr'>qni</span> <span class='ocrx_word' id='word_1_238' title='bbox 332 1597 427 1637; x_wconf 89' lang='lat' dir='ltr'>praecepta</span> <span class='ocrx_word' id='word_1_239' title='bbox 447 1588 539 1624; x_wconf 88' lang='lat' dir='ltr'>seniorum</span> <span class='ocrx_word' id='word_1_240' title='bbox 558 1587 633 1624; x_wconf 88' lang='lat' dir='ltr'>tumido</span> <span class='ocrx_word' id='word_1_241' title='bbox 648 1588 742 1636; x_wconf 89' lang='lat' dir='ltr'>supercilio</span> <span class='ocrx_word' id='word_1_242' title='bbox 758 1590 881 1635; x_wconf 87' lang='lat' dir='ltr'>contemnitis;</span> 
     </span>
    </p>
   </div>
   <div class='ocr_carea' id='block_1_6' title="bbox 32 2493 120 2637">
    <p class='ocr_par' dir='ltr' id='par_1_6' title="bbox 32 2493 120 2637">
     <span class='ocr_line' id='line_1_38' title="bbox 41 2493 120 2520; baseline 0.013 -1"><span class='ocrx_word' id='word_1_243' title='bbox 41 2493 66 2519; x_wconf 82' lang='lat' dir='ltr'>Ars</span> <span class='ocrx_word' id='word_1_244' title='bbox 73 2494 120 2520; x_wconf 77' lang='lat' dir='ltr'>dister-</span> 
     </span>
     <span class='ocr_line' id='line_1_39' title="bbox 33 2529 119 2562; baseline 0.023 -9"><span class='ocrx_word' id='word_1_245' title='bbox 33 2529 72 2554; x_wconf 87' lang='lat' dir='ltr'>neudi</span> <span class='ocrx_word' id='word_1_246' title='bbox 89 2538 119 2562; x_wconf 75' lang='lat' dir='ltr'>gra-</span> 
     </span>
     <span class='ocr_line' id='line_1_40' title="bbox 32 2564 119 2590; baseline 0.034 -3"><span class='ocrx_word' id='word_1_247' title='bbox 32 2564 62 2588; x_wconf 86' lang='lat' dir='ltr'>tiam</span> <span class='ocrx_word' id='word_1_248' title='bbox 75 2564 100 2589; x_wconf 79' lang='lat' dir='ltr'>uu</span> <span class='ocrx_word' id='word_1_249' title='bbox 112 2573 119 2590; x_wconf 86' lang='lat' dir='ltr'>a</span> 
     </span>
     <span class='ocr_line' id='line_1_41' title="bbox 34 2600 119 2637; baseline -0.012 -9"><span class='ocrx_word' id='word_1_250' title='bbox 34 2600 119 2637; x_wconf 74' lang='lat' dir='ltr'>&#39;suggestione</span> 
     </span>
    </p>
   </div>
   <div class='ocr_carea' id='block_1_7' title="bbox 31 2638 82 2665">
    <p class='ocr_par' dir='ltr' id='par_1_7' title="bbox 31 2638 82 2665">
     <span class='ocr_line' id='line_1_42' title="bbox 31 2638 82 2665; baseline 0 -1"><span class='ocrx_word' id='word_1_251' title='bbox 31 2638 82 2665; x_wconf 84' lang='lat' dir='ltr'>diaboli.</span> 
     </span>
    </p>
   </div>
   <div class='ocr_carea' id='block_1_8' title="bbox 134 1646 881 1697">
    <p class='ocr_par' dir='ltr' id='par_1_8' title="bbox 134 1646 881 1697">
     <span class='ocr_line' id='line_1_43' title="bbox 134 1646 881 1697; baseline 0 -13"><span class='ocrx_word' id='word_1_252' title='bbox 134 1649 184 1685; x_wconf 85' lang='lat' dir='ltr'>non</span> <span class='ocrx_word' id='word_1_253' title='bbox 196 1661 239 1697; x_wconf 87' lang='lat' dir='ltr'>quae</span> <span class='ocrx_word' id='word_1_254' title='bbox 253 1647 278 1684; x_wconf 89' lang='lat' dir='ltr'>illi</span> <span class='ocrx_word' id='word_1_255' title='bbox 292 1647 359 1691; x_wconf 85' lang='lat' dir='ltr'>iubent,</span> <span class='ocrx_word' id='word_1_256' title='bbox 369 1647 400 1683; x_wconf 93' lang='lat' dir='ltr'>sed</span> <span class='ocrx_word' id='word_1_257' title='bbox 409 1660 454 1696; x_wconf 89' lang='lat' dir='ltr'>quae</span> <span class='ocrx_word' id='word_1_258' title='bbox 468 1646 519 1683; x_wconf 90' lang='lat' dir='ltr'>vobis</span> <span class='ocrx_word' id='word_1_259' title='bbox 533 1646 608 1695; x_wconf 84' lang='lat' dir='ltr'>placent,</span> <span class='ocrx_word' id='word_1_260' title='bbox 622 1647 693 1696; x_wconf 88' lang='lat' dir='ltr'>proptia</span> <span class='ocrx_word' id='word_1_261' title='bbox 706 1648 805 1684; x_wconf 86' lang='lat' dir='ltr'>temeritate</span> <span class='ocrx_word' id='word_1_262' title='bbox 818 1647 881 1695; x_wconf 68' lang='lat' dir='ltr'>facitis,</span> 
     </span>
    </p>
   </div>
   <div class='ocr_carea' id='block_1_9' title="bbox 141 1706 913 2649">
    <p class='ocr_par' dir='ltr' id='par_1_9' title="bbox 144 1706 881 1993">
     <span class='ocr_line' id='line_1_44' title="bbox 146 1706 881 1756; baseline 0.001 -13"><span class='ocrx_word' id='word_1_263' title='bbox 146 1708 176 1756; x_wconf 85' lang='lat' dir='ltr'>qui</span> <span class='ocrx_word' id='word_1_264' title='bbox 190 1706 317 1744; x_wconf 87' lang='lat' dir='ltr'>communibus</span> <span class='ocrx_word' id='word_1_265' title='bbox 331 1707 400 1744; x_wconf 90' lang='lat' dir='ltr'>ordinis</span> <span class='ocrx_word' id='word_1_266' title='bbox 418 1707 484 1746; x_wconf 71' lang='lat' dir='ltr'>sanetis,</span> <span class='ocrx_word' id='word_1_267' title='bbox 502 1706 590 1742; x_wconf 79' lang='lat' dir='ltr'>exercitiis</span> <span class='ocrx_word' id='word_1_268' title='bbox 607 1707 742 1743; x_wconf 86' lang='lat' dir='ltr'>adinventiones</span> <span class='ocrx_word' id='word_1_269' title='bbox 759 1708 838 1756; x_wconf 88' lang='lat' dir='ltr'>proprias</span> <span class='ocrx_word' id='word_1_270' title='bbox 851 1720 881 1744; x_wconf 87' lang='lat' dir='ltr'>an-</span> 
     </span>
     <span class='ocr_line' id='line_1_45' title="bbox 146 1763 881 1816; baseline 0.003 -15"><span class='ocrx_word' id='word_1_271' title='bbox 146 1765 241 1814; x_wconf 86' lang='lat' dir='ltr'>teponitis,</span> <span class='ocrx_word' id='word_1_272' title='bbox 256 1764 313 1802; x_wconf 75' lang='grc'><strong>1111111</strong></span> <span class='ocrx_word' id='word_1_273' title='bbox 331 1765 384 1813; x_wconf 80' lang='lat' dir='ltr'>louge</span> <span class='ocrx_word' id='word_1_274' title='bbox 398 1778 408 1816; x_wconf 84' lang='grc'>11</span> <span class='ocrx_word' id='word_1_275' title='bbox 421 1774 526 1801; x_wconf 85' lang='lat' dir='ltr'>sanctorum</span> <span class='ocrx_word' id='word_1_276' title='bbox 545 1763 679 1801; x_wconf 87' lang='lat' dir='ltr'>conuersatione</span> <span class='ocrx_word' id='word_1_277' title='bbox 696 1767 760 1801; x_wconf 86' lang='lat' dir='ltr'>remoti</span> <span class='ocrx_word' id='word_1_278' title='bbox 776 1766 823 1803; x_wconf 90' lang='lat' dir='ltr'>estis.</span> <span class='ocrx_word' id='word_1_279' title='bbox 839 1767 881 1804; x_wconf 85' lang='lat' dir='ltr'>Non</span> 
     </span>
     <span class='ocr_line' id='line_1_46' title="bbox 145 1822 880 1872; baseline 0.001 -11"><span class='ocrx_word' id='word_1_280' title='bbox 145 1824 187 1861; x_wconf 88' lang='lat' dir='ltr'>licet</span> <span class='ocrx_word' id='word_1_281' title='bbox 199 1822 258 1869; x_wconf 83' lang='lat' dir='ltr'>vobis,</span> <span class='ocrx_word' id='word_1_282' title='bbox 269 1837 296 1869; x_wconf 87' lang='lat' dir='ltr'>ea,</span> <span class='ocrx_word' id='word_1_283' title='bbox 311 1836 356 1872; x_wconf 91' lang='lat' dir='ltr'>quae</span> <span class='ocrx_word' id='word_1_284' title='bbox 370 1832 411 1859; x_wconf 90' lang='lat' dir='ltr'>sunt</span> <span class='ocrx_word' id='word_1_285' title='bbox 423 1825 444 1860; x_wconf 94' lang='lat' dir='ltr'>de</span> <span class='ocrx_word' id='word_1_286' title='bbox 453 1824 565 1860; x_wconf 88' lang='lat' dir='ltr'>institutione</span> <span class='ocrx_word' id='word_1_287' title='bbox 579 1825 684 1869; x_wconf 85' lang='lat' dir='ltr'>monastica,</span> <span class='ocrx_word' id='word_1_288' title='bbox 697 1826 769 1872; x_wconf 81' lang='lat' dir='ltr'>propria</span> <span class='ocrx_word' id='word_1_289' title='bbox 781 1826 880 1863; x_wconf 89' lang='lat' dir='ltr'>temeritate</span> 
     </span>
     <span class='ocr_line' id='line_1_47' title="bbox 146 1883 879 1933; baseline 0.003 -12"><span class='ocrx_word' id='word_1_290' title='bbox 146 1884 236 1930; x_wconf 89' lang='lat' dir='ltr'>deserere,</span> <span class='ocrx_word' id='word_1_291' title='bbox 250 1893 267 1920; x_wconf 90' lang='lat' dir='ltr'>et</span> <span class='ocrx_word' id='word_1_292' title='bbox 280 1896 324 1932; x_wconf 88' lang='lat' dir='ltr'>quae</span> <span class='ocrx_word' id='word_1_293' title='bbox 338 1883 390 1920; x_wconf 83' lang='lat' dir='ltr'>vobis</span> <span class='ocrx_word' id='word_1_294' title='bbox 407 1883 489 1933; x_wconf 86' lang='lat' dir='ltr'>placent,</span> <span class='ocrx_word' id='word_1_295' title='bbox 503 1895 549 1921; x_wconf 81' lang='lat' dir='ltr'>noya</span> <span class='ocrx_word' id='word_1_296' title='bbox 562 1896 582 1919; x_wconf 84' lang='lat' dir='ltr'>ac</span> <span class='ocrx_word' id='word_1_297' title='bbox 595 1896 648 1927; x_wconf 76' lang='lat' dir='ltr'>varra„</span> <span class='ocrx_word' id='word_1_298' title='bbox 665 1886 768 1921; x_wconf 87' lang='lat' dir='ltr'>necessariis</span> <span class='ocrx_word' id='word_1_299' title='bbox 786 1885 879 1924; x_wconf 79' lang='lat' dir='ltr'>anteferre.</span> 
     </span>
     <span class='ocr_line' id='line_1_48' title="bbox 144 1933 879 1993; baseline 0.001 -13"><span class='ocrx_word' id='word_1_300' title='bbox 144 1945 236 1993; x_wconf 84' lang='lat' dir='ltr'>ingratum</span> <span class='ocrx_word' id='word_1_301' title='bbox 250 1953 277 1979; x_wconf 84' lang='lat' dir='ltr'>est</span> <span class='ocrx_word' id='word_1_302' title='bbox 291 1943 336 1986; x_wconf 89' lang='lat' dir='ltr'>Deo,</span> <span class='ocrx_word' id='word_1_303' title='bbox 346 1942 466 1992; x_wconf 89' lang='lat' dir='ltr'>quodcunque</span> <span class='ocrx_word' id='word_1_304' title='bbox 480 1933 525 1991; x_wconf 85' lang='lat' dir='ltr'>opus</span> <span class='ocrx_word' id='word_1_305' title='bbox 538 1942 621 1990; x_wconf 77' lang='lat' dir='ltr'>feceritis,</span> <span class='ocrx_word' id='word_1_306' title='bbox 635 1953 737 1991; x_wconf 88' lang='lat' dir='ltr'>contempto</span> <span class='ocrx_word' id='word_1_307' title='bbox 751 1944 788 1991; x_wconf 86' lang='lat' dir='ltr'>illo,</span> <span class='ocrx_word' id='word_1_308' title='bbox 797 1945 818 1980; x_wconf 84' lang='lat' dir='ltr'>ad</span> <span class='ocrx_word' id='word_1_309' title='bbox 831 1946 879 1993; x_wconf 91' lang='lat' dir='ltr'>quod</span> 
     </span>
    </p>

    <p class='ocr_par' dir='ltr' id='par_1_10' title="bbox 141 1992 913 2649">
     <span class='ocr_line' id='line_1_49' title="bbox 145 1992 913 2051; baseline 0.003 -12"><span class='ocrx_word' id='word_1_310' title='bbox 145 2002 218 2051; x_wconf 85' lang='lat' dir='ltr'>obligati</span> <span class='ocrx_word' id='word_1_311' title='bbox 228 2003 276 2039; x_wconf 87' lang='lat' dir='ltr'>estis.</span> <span class='ocrx_word' id='word_1_312' title='bbox 289 2002 365 2038; x_wconf 82' lang='lat' dir='ltr'>Diuinae</span> <span class='ocrx_word' id='word_1_313' title='bbox 374 2002 467 2050; x_wconf 88' lang='lat' dir='ltr'>inspiratio</span> <span class='ocrx_word' id='word_1_314' title='bbox 476 2001 542 2049; x_wconf 76' lang='lat' dir='ltr'>gratiae</span> <span class='ocrx_word' id='word_1_315' title='bbox 556 2003 677 2039; x_wconf 86' lang='lat' dir='ltr'>humilitatem</span> <span class='ocrx_word' id='word_1_316' title='bbox 691 2004 747 2050; x_wconf 86' lang='lat' dir='ltr'>docet,</span> <span class='ocrx_word' id='word_1_317' title='bbox 759 2003 878 2042; x_wconf 85' lang='lat' dir='ltr'>obedientiam</span> <span class='ocrx_word' id='word_1_318' title='bbox 911 1992 913 1999; x_wconf 70' lang='lat'>‚</span> 
     </span>
     <span class='ocr_line' id='line_1_50' title="bbox 143 2061 878 2112; baseline 0.003 -13"><span class='ocrx_word' id='word_1_319' title='bbox 143 2061 243 2111; x_wconf 86' lang='lat' dir='ltr'>persuadet,</span> <span class='ocrx_word' id='word_1_320' title='bbox 253 2074 273 2098; x_wconf 89' lang='lat' dir='ltr'>ac</span> <span class='ocrx_word' id='word_1_321' title='bbox 286 2074 347 2098; x_wconf 88' lang='lat' dir='ltr'>veram</span> <span class='ocrx_word' id='word_1_322' title='bbox 357 2063 375 2098; x_wconf 90' lang='lat' dir='ltr'>in</span> <span class='ocrx_word' id='word_1_323' title='bbox 385 2061 469 2098; x_wconf 79' lang='lat' dir='ltr'>ominbus</span> <span class='ocrx_word' id='word_1_324' title='bbox 483 2062 563 2109; x_wconf 83' lang='lat' dir='ltr'>sequitur</span> <span class='ocrx_word' id='word_1_325' title='bbox 576 2062 686 2109; x_wconf 83' lang='lat' dir='ltr'>charitatem,</span> <span class='ocrx_word' id='word_1_326' title='bbox 699 2063 801 2100; x_wconf 76' lang='lat' dir='ltr'>rrraradatunr</span> <span class='ocrx_word' id='word_1_327' title='bbox 814 2075 878 2112; x_wconf 82' lang='lat' dir='ltr'>servat,</span> 
     </span>
     <span class='ocr_line' id='line_1_51' title="bbox 143 2115 878 2171; baseline 0.004 -14"><span class='ocrx_word' id='word_1_328' title='bbox 143 2115 175 2157; x_wconf 87' lang='lat' dir='ltr'>nec</span> <span class='ocrx_word' id='word_1_329' title='bbox 189 2119 291 2169; x_wconf 88' lang='lat' dir='ltr'>superbiam</span> <span class='ocrx_word' id='word_1_330' title='bbox 305 2119 393 2163; x_wconf 88' lang='lat' dir='ltr'>admittit,</span> <span class='ocrx_word' id='word_1_331' title='bbox 407 2132 440 2156; x_wconf 89' lang='lat' dir='ltr'>nec</span> <span class='ocrx_word' id='word_1_332' title='bbox 453 2121 520 2169; x_wconf 89' lang='lat' dir='ltr'>spernit</span> <span class='ocrx_word' id='word_1_333' title='bbox 533 2120 619 2168; x_wconf 78' lang='lat' dir='ltr'>aliquem,</span> <span class='ocrx_word' id='word_1_334' title='bbox 633 2120 664 2156; x_wconf 88' lang='lat' dir='ltr'>sed</span> <span class='ocrx_word' id='word_1_335' title='bbox 678 2121 762 2169; x_wconf 80' lang='lat' dir='ltr'>regularis</span> <span class='ocrx_word' id='word_1_336' title='bbox 775 2122 878 2171; x_wconf 86' lang='lat' dir='ltr'>disciplinae</span> 
     </span>
     <span class='ocr_line' id='line_1_52' title="bbox 142 2179 877 2231; baseline 0.004 -14"><span class='ocrx_word' id='word_1_337' title='bbox 142 2190 247 2229; x_wconf 86' lang='lat' dir='ltr'>perpetuam</span> <span class='ocrx_word' id='word_1_338' title='bbox 265 2190 344 2216; x_wconf 88' lang='lat' dir='ltr'>sectatur</span> <span class='ocrx_word' id='word_1_339' title='bbox 361 2180 489 2227; x_wconf 81' lang='lat' dir='ltr'>integritatem.</span> <span class='ocrx_word' id='word_1_340' title='bbox 506 2179 602 2216; x_wconf 83' lang='lat' dir='ltr'>instinctus</span> <span class='ocrx_word' id='word_1_341' title='bbox 618 2191 676 2217; x_wconf 84' lang='lat' dir='ltr'>aurern</span> <span class='ocrx_word' id='word_1_342' title='bbox 695 2180 759 2217; x_wconf 83' lang='lat' dir='ltr'>diaboli</span> <span class='ocrx_word' id='word_1_343' title='bbox 772 2181 804 2217; x_wconf 89' lang='lat' dir='ltr'>sub</span> <span class='ocrx_word' id='word_1_344' title='bbox 819 2184 877 2231; x_wconf 89' lang='lat' dir='ltr'>specie</span> 
     </span>
     <span class='ocr_line' id='line_1_53' title="bbox 143 2239 877 2290; baseline 0.005 -14"><span class='ocrx_word' id='word_1_345' title='bbox 143 2239 184 2277; x_wconf 90' lang='lat' dir='ltr'>boni</span> <span class='ocrx_word' id='word_1_346' title='bbox 199 2239 262 2276; x_wconf 87' lang='lat' dir='ltr'>callide</span> <span class='ocrx_word' id='word_1_347' title='bbox 276 2240 370 2276; x_wconf 86' lang='lat' dir='ltr'>incautum</span> <span class='ocrx_word' id='word_1_348' title='bbox 384 2240 486 2288; x_wconf 88' lang='lat' dir='ltr'>supplantat</span> <span class='ocrx_word' id='word_1_349' title='bbox 499 2239 614 2282; x_wconf 79' lang='lat' dir='ltr'>monachum,</span> <span class='ocrx_word' id='word_1_350' title='bbox 628 2249 644 2276; x_wconf 88' lang='lat' dir='ltr'>et</span> <span class='ocrx_word' id='word_1_351' title='bbox 658 2240 699 2277; x_wconf 87' lang='lat' dir='ltr'>facit</span> <span class='ocrx_word' id='word_1_352' title='bbox 712 2254 752 2278; x_wconf 91' lang='lat' dir='ltr'>eum</span> <span class='ocrx_word' id='word_1_353' title='bbox 765 2244 838 2290; x_wconf 90' lang='lat' dir='ltr'>proprio</span> <span class='ocrx_word' id='word_1_354' title='bbox 851 2244 877 2280; x_wconf 91' lang='lat' dir='ltr'>iu-</span> 
     </span>
     <span class='ocr_line' id='line_1_54' title="bbox 142 2297 876 2347; baseline 0.004 -11"><span class='ocrx_word' id='word_1_355' title='bbox 142 2299 188 2336; x_wconf 89' lang='lat' dir='ltr'>dicio</span> <span class='ocrx_word' id='word_1_356' title='bbox 202 2302 219 2336; x_wconf 92' lang='grc'>111</span> <span class='ocrx_word' id='word_1_357' title='bbox 234 2298 319 2336; x_wconf 91' lang='lat' dir='ltr'>omnibus</span> <span class='ocrx_word' id='word_1_358' title='bbox 334 2297 442 2335; x_wconf 84' lang='lat' dir='ltr'>subiectum.</span> <span class='ocrx_word' id='word_1_359' title='bbox 456 2299 523 2336; x_wconf 81' lang='lat' dir='ltr'>Omnia</span> <span class='ocrx_word' id='word_1_360' title='bbox 537 2300 590 2345; x_wconf 83' lang='lat' dir='ltr'>enim,</span> <span class='ocrx_word' id='word_1_361' title='bbox 600 2300 674 2347; x_wconf 89' lang='lat' dir='ltr'>quaead</span> <span class='ocrx_word' id='word_1_362' title='bbox 683 2302 837 2338; x_wconf 82' lang='lat' dir='ltr'>conservationem</span> <span class='ocrx_word' id='word_1_363' title='bbox 850 2304 876 2339; x_wconf 76' lang='lat' dir='ltr'>in·</span> 
     </span>
     <span class='ocr_line' id='line_1_55' title="bbox 142 2358 876 2408; baseline 0.007 -14"><span class='ocrx_word' id='word_1_364' title='bbox 142 2359 230 2408; x_wconf 85' lang='lat' dir='ltr'>tegritatis</span> <span class='ocrx_word' id='word_1_365' title='bbox 250 2359 362 2395; x_wconf 88' lang='lat' dir='ltr'>monasticae</span> <span class='ocrx_word' id='word_1_366' title='bbox 382 2359 481 2406; x_wconf 86' lang='lat' dir='ltr'>pertinent,</span> <span class='ocrx_word' id='word_1_367' title='bbox 495 2358 524 2394; x_wconf 92' lang='lat' dir='ltr'>ille</span> <span class='ocrx_word' id='word_1_368' title='bbox 538 2358 583 2394; x_wconf 91' lang='lat' dir='ltr'>male</span> <span class='ocrx_word' id='word_1_369' title='bbox 598 2359 679 2395; x_wconf 90' lang='lat' dir='ltr'>instituta</span> <span class='ocrx_word' id='word_1_370' title='bbox 697 2361 791 2407; x_wconf 88' lang='lat' dir='ltr'>mentitur,</span> <span class='ocrx_word' id='word_1_371' title='bbox 804 2372 821 2398; x_wconf 92' lang='lat' dir='ltr'>et</span> <span class='ocrx_word' id='word_1_372' title='bbox 834 2375 876 2399; x_wconf 89' lang='lat' dir='ltr'>con-</span> 
     </span>
     <span class='ocr_line' id='line_1_56' title="bbox 141 2417 875 2469; baseline 0.005 -15"><span class='ocrx_word' id='word_1_373' title='bbox 141 2419 201 2464; x_wconf 87' lang='lat' dir='ltr'>traria,</span> <span class='ocrx_word' id='word_1_374' title='bbox 218 2429 234 2455; x_wconf 90' lang='lat' dir='ltr'>et</span> <span class='ocrx_word' id='word_1_375' title='bbox 249 2419 286 2456; x_wconf 91' lang='lat' dir='ltr'>suis</span> <span class='ocrx_word' id='word_1_376' title='bbox 301 2417 323 2456; x_wconf 93' lang='lat' dir='ltr'>ob</span> <span class='ocrx_word' id='word_1_377' title='bbox 337 2418 355 2454; x_wconf 91' lang='lat' dir='ltr'>id</span> <span class='ocrx_word' id='word_1_378' title='bbox 369 2417 432 2454; x_wconf 90' lang='lat' dir='ltr'>studiis</span> <span class='ocrx_word' id='word_1_379' title='bbox 445 2417 576 2466; x_wconf 86' lang='lat' dir='ltr'>postponenda.</span> <span class='ocrx_word' id='word_1_380' title='bbox 593 2418 609 2454; x_wconf 87' lang='lat' dir='ltr'>V</span> <span class='ocrx_word' id='word_1_381' title='bbox 612 2430 670 2462; x_wconf 84' lang='lat' dir='ltr'>erum,</span> <span class='ocrx_word' id='word_1_382' title='bbox 684 2428 703 2455; x_wconf 89' lang='lat' dir='ltr'>nt</span> <span class='ocrx_word' id='word_1_383' title='bbox 716 2420 787 2456; x_wconf 89' lang='lat' dir='ltr'>discatis</span> <span class='ocrx_word' id='word_1_384' title='bbox 800 2423 875 2469; x_wconf 82' lang='lat' dir='ltr'>gratiam</span> 
     </span>
     <span class='ocr_line' id='line_1_57' title="bbox 142 2469 874 2527; baseline 0.005 -13"><span class='ocrx_word' id='word_1_385' title='bbox 142 2478 175 2514; x_wconf 90' lang='lat' dir='ltr'>Dei</span> <span class='ocrx_word' id='word_1_386' title='bbox 188 2477 209 2514; x_wconf 86' lang='lat' dir='ltr'>ab</span> <span class='ocrx_word' id='word_1_387' title='bbox 224 2478 339 2515; x_wconf 87' lang='lat' dir='ltr'>instinctibus</span> <span class='ocrx_word' id='word_1_388' title='bbox 353 2477 421 2526; x_wconf 86' lang='lat' dir='ltr'>antiqui</span> <span class='ocrx_word' id='word_1_389' title='bbox 439 2477 495 2514; x_wconf 92' lang='lat' dir='ltr'>hostis</span> <span class='ocrx_word' id='word_1_390' title='bbox 511 2469 599 2525; x_wconf 83' lang='lat' dir='ltr'>sapienter</span> <span class='ocrx_word' id='word_1_391' title='bbox 613 2478 721 2525; x_wconf 87' lang='lat' dir='ltr'>discernere,</span> <span class='ocrx_word' id='word_1_392' title='bbox 735 2492 779 2527; x_wconf 86' lang='lat' dir='ltr'>quae</span> <span class='ocrx_word' id='word_1_393' title='bbox 792 2481 874 2525; x_wconf 81' lang='lat' dir='ltr'>dicimus,</span> 
     </span>
     <span class='ocr_line' id='line_1_58' title="bbox 142 2536 873 2587; baseline 0.005 -14"><span class='ocrx_word' id='word_1_394' title='bbox 142 2547 208 2575; x_wconf 85' lang='lat' dir='ltr'>notate.</span> <span class='ocrx_word' id='word_1_395' title='bbox 222 2538 241 2575; x_wconf 87' lang='lat' dir='ltr'>ln</span> <span class='ocrx_word' id='word_1_396' title='bbox 256 2539 318 2585; x_wconf 88' lang='lat' dir='ltr'>primis</span> <span class='ocrx_word' id='word_1_397' title='bbox 332 2538 386 2586; x_wconf 84' lang='lat' dir='ltr'>igitur</span> <span class='ocrx_word' id='word_1_398' title='bbox 400 2538 500 2585; x_wconf 92' lang='lat' dir='ltr'>quicunque</span> <span class='ocrx_word' id='word_1_399' title='bbox 514 2549 532 2572; x_wconf 91' lang='lat' dir='ltr'>se</span> <span class='ocrx_word' id='word_1_400' title='bbox 545 2536 579 2573; x_wconf 83' lang='lat' dir='ltr'>bei</span> <span class='ocrx_word' id='word_1_401' title='bbox 591 2537 648 2585; x_wconf 85' lang='lat' dir='ltr'>gratia</span> <span class='ocrx_word' id='word_1_402' title='bbox 661 2538 765 2586; x_wconf 89' lang='lat' dir='ltr'>inspiratum</span> <span class='ocrx_word' id='word_1_403' title='bbox 778 2540 873 2587; x_wconf 82' lang='lat' dir='ltr'>existimat,</span> 
     </span>
     <span class='ocr_line' id='line_1_59' title="bbox 141 2597 874 2649; baseline 0.007 -16"><span class='ocrx_word' id='word_1_404' title='bbox 141 2598 156 2634; x_wconf 82' lang='lat' dir='ltr'>si</span> <span class='ocrx_word' id='word_1_405' title='bbox 166 2597 245 2647; x_wconf 90' lang='lat' dir='ltr'>quotidie</span> <span class='ocrx_word' id='word_1_406' title='bbox 255 2597 285 2635; x_wconf 92' lang='lat' dir='ltr'>fiat</span> <span class='ocrx_word' id='word_1_407' title='bbox 294 2599 312 2634; x_wconf 92' lang='lat' dir='ltr'>in</span> <span class='ocrx_word' id='word_1_408' title='bbox 323 2597 432 2635; x_wconf 86' lang='lat' dir='ltr'>conscientia</span> <span class='ocrx_word' id='word_1_409' title='bbox 441 2598 502 2646; x_wconf 86' lang='lat' dir='ltr'>purior</span> <span class='ocrx_word' id='word_1_410' title='bbox 515 2597 627 2634; x_wconf 85' lang='lat' dir='ltr'>decrescente</span> <span class='ocrx_word' id='word_1_411' title='bbox 639 2598 702 2635; x_wconf 81' lang='lat' dir='ltr'>fomite</span> <span class='ocrx_word' id='word_1_412' title='bbox 716 2601 789 2649; x_wconf 86' lang='lat' dir='ltr'>peccati,</span> <span class='ocrx_word' id='word_1_413' title='bbox 802 2601 874 2638; x_wconf 91' lang='lat' dir='ltr'>sedulus</span> 
     </span>
    </p>
   </div>
   <div class='ocr_carea' id='block_1_10' title="bbox 139 2662 873 2719">
    <p class='ocr_par' dir='ltr' id='par_1_11' title="bbox 139 2662 873 2719">
     <span class='ocr_line' id='line_1_60' title="bbox 139 2662 873 2719; baseline 0.011 -21"><span class='ocrx_word' id='word_1_414' title='bbox 139 2662 225 2701; x_wconf 79' lang='lat' dir='ltr'>advertat.</span> <span class='ocrx_word' id='word_1_415' title='bbox 239 2662 346 2714; x_wconf 87' lang='lat' dir='ltr'>Ubicunque</span> <span class='ocrx_word' id='word_1_416' title='bbox 356 2665 404 2701; x_wconf 88' lang='lat' dir='ltr'>eninr</span> <span class='ocrx_word' id='word_1_417' title='bbox 415 2665 491 2713; x_wconf 84' lang='lat' dir='ltr'>Spiritus</span> <span class='ocrx_word' id='word_1_418' title='bbox 501 2667 534 2702; x_wconf 90' lang='lat' dir='ltr'>Dei</span> <span class='ocrx_word' id='word_1_419' title='bbox 544 2680 609 2706; x_wconf 82' lang='lat' dir='ltr'>irrunns</span> <span class='ocrx_word' id='word_1_420' title='bbox 619 2670 685 2719; x_wconf 81' lang='lat' dir='ltr'>gratiae</span> <span class='ocrx_word' id='word_1_421' title='bbox 695 2670 777 2706; x_wconf 85' lang='lat' dir='ltr'>coelestis</span> <span class='ocrx_word' id='word_1_422' title='bbox 786 2670 873 2717; x_wconf 85' lang='lat' dir='ltr'>effuderit,</span> 
     </span>
    </p>
   </div>
   <div class='ocr_carea' id='block_1_11' title="bbox 0 0 988 3023">
    <p class='ocr_par' dir='ltr' id='par_1_12' title="bbox 0 0 988 3023">
     <span class='ocr_line' id='line_1_61' title="bbox 0 0 988 3023; baseline 0 5"><span class='ocrx_word' id='word_1_423' title='bbox 0 0 988 3023; x_wconf 95' lang='lat' dir='ltr'> </span> 
     </span>
    </p>
   </div>
  </div>
 </body>
</html>
