1968 3023
55 2418 105 2444 Eccles.
114 2425 134 2451 27.

56 2540 67 2559 1.
74 2533 106 2559 Cor.
115 2539 135 2558 10.

158 123 181 170 64
352 123 379 159 Dc
391 122 486 173 qttotidioao
498 122 586 160 certantia
599 123 698 160 tentationis.

157 215 225 239 novum
238 201 305 252 aliquid
318 215 354 241 non
366 202 458 241 addiderit.
471 203 546 252 Semper
559 202 636 252 cogitate
649 202 718 240 futurae
727 201 807 251 precium
818 203 888 248 messis,

158 270 175 298 et
188 261 236 299 nulla
249 275 282 300 vos
295 262 368 300 terrebit
381 263 485 314 magnitudo
499 261 572 300 laboris.

303 394 329 424 De
339 395 427 432 quotidiano
437 394 524 425 ceatottriate
536 393 629 425 tentationis.
641 394 713 425 Humilia
724 395 745 426 X.

210 515 289 541 mammo
301 516 384 541 sermone
397 504 481 542 admonui
494 504 587 540 charitates
600 515 675 550 vestras,
693 504 802 541 dilectissimi
819 503 889 551 fratres,

158 511 208 601 H
218 564 309 612 principiis
323 563 408 600 malarum
423 564 554 612 cogitationum
568 562 661 610 obsistere,
674 573 691 601 et
704 577 736 601 vos
750 562 806 608 bonis,
817 574 840 601 'ac
851 577 890 601 san-

159 622 288 671 crisoperibus
302 622 404 660 adfuturae
418 623 504 660 mercedis
522 624 621 671 praemium
640 624 683 661 totis
700 622 767 660 viribus
780 636 889 672 praeparare.

158 681 192 719 Sed
211 695 256 727 curn,
270 683 356 732 scriptura
373 692 453 725 testante,
467 683 542 720 tentatio
558 683 581 719 sit
598 684 634 720 vita
651 683 730 721 bominis
747 696 799 731 super
816 692 888 730 terram,

159 742 277 778 necessarium
292 742 367 779 duride
381 742 413 779 bac
426 744 463 791 ipsa
480 743 559 788 materia,
573 752 660 791 quantum
678 742 745 792 dederit
762 743 856 788 Dominus,
872 744 890 781 in

159 800 230 837 auribus
243 801 306 837 vestris
320 801 410 846 disserere,
424 810 443 838 ut
457 801 564 850 praemoniti
577 801 641 839 fortius
655 811 716 839 contra
729 801 848 839 adversarium
864 803 888 839 in-

150 860 246 898 ·visibilem
259 862 332 909 possitis
345 861 434 900 dimicare.
448 861 509 899 Verba
525 875 562 899 non
579 862 665 912 ignoratis
678 862 711 899 viri
724 861 814 910 sapientis,
828 863 858 911 qui
872 863 890 899 in

158 920 282 957 Ecclesiastico
296 921 349 958 dicit:
363 921 396 958 Fili
409 921 493 959 accedens
507 921 528 959 ad
541 921 646 958 servitutem
660 922 700 967 Dei,
715 921 772 958 stain
787 921 858 966 iustitia,
872 931 889 958 et

158 980 176 1016 in
190 980 261 1026 timore,
277 990 294 1016 et
307 993 390 1029 praepara
404 982 480 1018 animam
493 991 542 1017 tuam
556 980 577 1017 ad
586 981 709 1018 tentationem.
717 981 777 1031 Nemo
786 993 804 1017 se
814 979 889 1017 liberum

158 1051 167 1074 a
181 1040 279 1076 tentatione
290 1040 384 1086 existimet,
393 1041 460 1085 fratres
470 1040 548 1089 quandiu
558 1040 576 1076 in
585 1040 617 1077 hac
627 1040 699 1078 mortali
709 1040 843 1076 conversatione
852 1052 890 1088 gra-

158 1097 211 1143 ditur,
219 1098 250 1135 sed
259 1109 325 1148 quanto
335 1099 352 1136 in
363 1100 396 1136 Dei
405 1101 469 1137 timore
478 1100 552 1148 quisque
563 1098 639 1147 amplius
649 1098 751 1149 profecerit,
760 1108 810 1135 tanto
819 1098 851 1136 sibi
858 1112 890 1136 no-

157 1158 204 1194 verit
213 1159 281 1194 cautius
291 1172 328 1195 esse
337 1159 439 1196 vivendum.
449 1159 497 1195 Dicit
507 1159 555 1195 enim
564 1169 635 1195 sanctus
648 1159 695 1207 Papa
708 1158 814 1207 Gregorius:
827 1158 889 1196 Hostis

157 1227 226 1264 noster,
234 1228 301 1267 quanto
308 1219 365 1267 magis
372 1218 452 1256 rebellari
459 1217 492 1255 sibi
500 1218 591 1267 conspicit,
600 1228 649 1256 tanto
659 1218 734 1268 amplius
744 1230 843 1267 expugnare
850 1231 890 1255 con-

157 1277 219 1314 tendit.
229 1277 264 1315 Eos
274 1278 320 1314 enirn
330 1277 400 1326 pulsare
406 1277 487 1328 negligit,
495 1290 540 1327 quos
548 1277 609 1326 quieto
618 1279 656 1314 iure
664 1291 682 1314 se
691 1277 781 1325 possidere
788 1277 847 1315 sentit.
856 1278 889 1314 Fu-

156 1338 235 1385 gientem
245 1351 254 1374 a
263 1350 282 1373 se
292 1336 371 1374 diabolus
381 1339 498 1387 persequitur,
510 1347 526 1373 et
536 1350 582 1381 eum,
592 1338 623 1386 qui
632 1337 706 1374 rebellat
714 1350 747 1374 suo
761 1337 842 1384 imperio,
849 1335 889 1373 sub-

156 1406 226 1433 vertere
236 1405 315 1434 conatur.
322 1397 361 1433 Vos
369 1410 379 1433 0
386 1397 419 1433 viri
427 1406 493 1446 quanto
503 1395 579 1445 amplius
587 1396 604 1432 in
611 1395 698 1445 spirituali
708 1396 841 1433 conversatione
849 1409 889 1445 pro·

156 1455 215 1502 licitis,
225 1466 274 1493 tanto
284 1457 351 1492 maiore
361 1456 443 1493 instantia
454 1466 515 1493 contra
529 1455 649 1498 adversarium
663 1455 724 1493 salutis
737 1465 807 1492 vestrae
820 1466 890 1504 oportet

156 1516 239 1565 vigiletis.
246 1516 293 1554 Nam
301 1526 319 1552 ut
327 1525 397 1552 sanctus
406 1516 480 1554 loannes
490 1515 632 1564 Clarysostomus
640 1515 670 1552 ait:
682 1516 777 1563 Nunquam
785 1514 850 1551 dormit
857 1528 889 1552 no-

156 1585 191 1613 ster
198 1575 315 1621 adversarius,
324 1574 354 1611 sed
361 1576 378 1611 in
386 1576 482 1624 perniciem
489 1587 559 1623 semper
566 1574 628 1622 vigilat
635 1575 705 1624 generis
713 1574 792 1620 lnunani,
801 1574 829 1610 cui
836 1588 889 1612 nenio

155 1645 238 1672 nostrum
251 1643 310 1683 potest
323 1635 409 1681 resistere,
419 1635 453 1671 nisi
466 1635 495 1683 qui
510 1634 560 1671 omni
573 1643 655 1683 tempore
668 1634 686 1670 in
700 1634 764 1670 timore
777 1632 850 1671 Domini
864 1633 890 1670 di·

155 1693 198 1731 dicit
210 1693 290 1742 vigilare.
304 1693 325 1730 Et
338 1704 408 1730 sanctus
422 1694 458 1730 leo
471 1694 518 1742 Papa
531 1691 579 1729 urbis
593 1692 669 1738 Rornae,
683 1693 701 1728 in
714 1692 792 1741 quodam
807 1705 889 1729 sermone

155 1752 203 1791 dicit.
217 1754 259 1790 Non
272 1753 337 1790 desinit
350 1753 432 1802 antiquus
445 1752 502 1790 hostis
516 1752 634 1789 tentationum
645 1752 717 1802 laqueos
732 1751 797 1801 ubique
809 1755 890 1800 praeten-

155 1813 203 1858 dere,
214 1822 233 1849 ut
243 1812 379 1862 quoquomodo
393 1812 446 1849 fidem
460 1812 570 1849 credentium
584 1811 716 1860 corrumpendo
726 1811 782 1848 valeat
791 1811 888 1861 denigrare.

154 1872 210 1909 Novit
219 1873 273 1918 enim,
283 1872 310 1908 cui
320 1871 410 1908 illecebras
424 1872 480 1908 carnis
494 1872 567 1920 ingerat,
582 1871 610 1907 cui
622 1872 669 1908 vires
679 1870 754 1907 invidiae
764 1869 850 1916 infundat,
861 1872 889 1907 cui

154 1931 270 1968 incitamenta
287 1930 364 1967 luxuriae
382 1940 463 1980 apponat.
477 1930 542 1974 Novit,
557 1942 610 1979 quern
627 1942 709 1966 moerore
725 1928 823 1975 conturbet,
836 1943 890 1979 quem

154 1990 219 2039 gaudio
229 1990 282 2036 fallat,
292 2003 345 2039 quem
354 1998 403 2026 metu
413 1991 509 2038 opprimat,
519 2002 573 2038 quem
582 1988 700 2026 admiratione
711 1987 788 2025 seducat.
802 1988 890 2026 Omnium

154 2049 226 2087 discutit
236 2063 301 2096 moreS,
311 2050 391 2087 ninnium
404 2059 493 2086 scrutatur
507 2049 585 2086 affectus.
599 2048 621 2086 Et
630 2048 653 2085 ibi
663 2049 730 2097 quaerit
740 2061 799 2085 causas
809 2048 889 2093 nocendi,

154 2108 184 2147 ubi
197 2109 261 2146 viderit
274 2121 373 2159 quenquam
389 2109 486 2146 studiosius
500 2108 590 2156 occupari.
603 2108 657 2146 Nulla
668 2117 708 2144 sunt
721 2109 759 2144 sine
772 2108 890 2145 tentationum

154 2171 276 2218 experimento
286 2182 339 2218 opera
347 2169 426 2213 virtutis;
440 2168 510 2205 nullum
518 2169 556 2205 sine
565 2167 617 2205 hoste
627 2179 724 2211 certamem
738 2166 785 2204 nulla
798 2168 836 2205 siue
850 2181 890 2206 con·

154 2230 247 2278 gressione
264 2229 345 2266 victoria.
359 2228 405 2265 Hinc
422 2237 492 2265 sanctus
511 2226 584 2264 lacobus
602 2227 702 2276 Apostolus
715 2227 733 2263 in
747 2225 821 2274 epistola
837 2227 889 2265 dicit:

156 2290 218 2327 Beatus
231 2290 263 2333 vir,
278 2289 308 2338 qui
321 2287 382 2325 suffert
395 2288 516 2331 tentationem,
531 2287 627 2336 quoniam,¹
637 2300 677 2324 curn
691 2286 775 2336 probatus
788 2286 851 2334 fuerit,
864 2300 890 2323 ac-

155 2350 208 2398 cipiet
222 2361 306 2386 coronam
320 2348 375 2391 vitae,
389 2360 442 2397 quam
456 2345 559 2396 repromisit
573 2346 622 2382 Deus
636 2344 750 2394 diligentibus
763 2358 787 2383 se.
801 2345 847 2382 Hinc
860 2347 890 2382 ite-

155 2420 195 2445 rum
209 2407 252 2445 dicit
264 2408 360 2455 scriptura:
374 2406 420 2443 Vasa
434 2405 483 2455 figuli
497 2404 560 2453 probat
573 2403 642 2450 fornax,
656 2415 673 2441 et
687 2404 769 2441 hornines
782 2405 838 2440 iustos
852 2414 889 2441 ten·

155 2469 199 2505 tatio
213 2466 337 2504 tribulationis.
351 2465 384 2502 Sed
398 2479 419 2503 ne
433 2466 471 2515 quis
484 2474 556 2513 putaret
569 2462 639 2501 diabolo
653 2464 758 2513 permissura
772 2473 840 2500 tentare
854 2463 889 2501 ho-

156 2528 219 2571 mines,
229 2536 314 2576 quantum
329 2524 420 2569 desiderat,
435 2533 506 2561 sanctus
520 2522 654 2571 Cltristophilus
669 2523 742 2560 clamat:
757 2522 821 2559 Fidelis
831 2531 890 2559 autem

156 2587 205 2624 Deus
219 2597 250 2631 est,
260 2588 290 2635 qui
303 2599 339 2623 non
352 2586 428 2634 patietur
441 2598 474 2623 vos
487 2584 551 2621 tentari
565 2595 619 2632 supra
631 2583 655 2630 id,
665 2583 712 2632 quod
725 2584 807 2632 potestis,
822 2582 853 2620 sed
866 2582 890 2620 fa-

157 2646 191 2684 ciet
205 2647 258 2684 etiam
268 2659 308 2684 curn
322 2645 419 2683 tentatione
432 2653 546 2695 proventum,
558 2652 577 2679 ut
590 2643 662 2691 possitis
676 2644 770 2680 sustinere.
784 2642 806 2678 Et
817 2650 890 2680 sanctus
