1968 3023
320 173 347 210 ,Da
356 176 435 220 irritarint
448 174 527 220 charitate
540 175 660 213 irrorrachornru,
703 203 707 210 .

669 276 674 315 l

249 324 273 353 Ι)ι’
280 325 359 360 startiam
369 327 447 355 tlnarr'larc
457 327 575 356 rrrouucdornm.
587 327 659 355 Humilia
670 327 728 357 Xh'll,

121 438 257 526 Autumnus
268 433 330 471 iratres
341 436 375 471 mei
386 434 484 483 charissimi
495 435 592 472 Domiruuu
603 446 683 473 nostrum
693 437 753 473 lesum
763 437 854 475 Christum

21 489 58 515 artu
68 497 80 522 7·
180 493 197 529 iu
211 502 273 530 sancto
287 493 383 542 Evangelio
397 495 546 543 praecipientem:
557 496 679 545 Quaecunque
693 497 752 540 vultis,
763 506 782 533 ut
792 497 855 535 faciant

120 550 170 588 vohis
185 552 274 598 homiues,
288 563 304 589 et
319 566 350 590 uos
365 554 416 590 facite
430 553 464 589 illis
478 554 566 591 similiter,
580 555 640 590 Brevis
658 555 736 603 quidem,
751 555 781 593 sed
800 556 855 593 solida

121 609 208 647 t‘rarcuuc
222 612 311 648 charitatis
326 612 463 655 commendatio,
477 614 515 650 siue
529 626 562 662 qua
576 627 629 650 uerno
643 614 664 650 ad
679 614 711 650 Dei
727 628 806 652 umorem
824 630 854 665 po-

120 682 155 708 test
168 672 270 709 ascendere.
284 673 343 709 Neruo
356 673 403 708 enim
419 683 477 721 potest
493 674 551 710 Deum
565 673 644 722 diligere,
658 675 687 722 qui
702 675 854 713 conchristianum

22 733 98 766 1‚10.u.;.
120 745 172 767 suum
188 732 300 768 conuincitur
317 744 353 769 non
371 745 436 769 aurare.
449 733 495 769 Hinc
513 733 574 770 heatus
592 734 666 770 loannes
684 734 726 770 dicit
743 734 853 783 Apostolus:

121 792 194 835 (hauris,
210 792 240 839 qui
254 791 292 827 odit
306 790 377 827 fratrem
391 804 450 838 suum,
460 791 549 829 homicida
560 802 591 838 est,
601 803 618 829 et
631 794 686 836 scitis,
696 793 781 841 quoniam
796 796 854 832 omnis

22 858 98 890 arsuth
120 850 210 887 homicida
225 863 260 888 rior]
278 849 329 887 hahet
347 851 401 888 ritaur
420 861 510 888 aetermam
524 852 541 888 in
558 865 576 888 se
594 862 701 890 manentem.
716 853 768 891 Unde
786 855 801 891 si
815 856 854 904 quis

91 934 93 938 Δ
119 912 182 949 dixerit
197 912 282 960 quoniam
296 910 351 960 diligo
364 912 430 957 Deum,
444 921 460 947 et
475 910 545 948 fratrem
560 926 611 948 suum
625 912 667 956 odit,
678 914 754 950 mendax
767 924 801 950 est.
811 916 854 953 Pto-

19 981 61 1007 (tarn.
70 981 82 1007 a
119 983 177 1020 pterea
191 981 261 1007 sanctus
276 970 357 1007 hortatur
371 983 403 1007 nos
417 971 551 1019 Christophilus
565 971 629 1008 Paulus
639 972 710 1009 dicens:
721 972 772 1010 Alter
781 974 854 1011 alterius

117 1043 171 1067 onera
186 1040 261 1079 portate,
275 1039 293 1065 et
306 1029 331 1065 sic
344 1028 464 1076 adimplebitis
474 1030 531 1078 legem
546 1030 618 1068 Christi.
628 1030 649 1066 Et
662 1033 744 1081 princeps
758 1033 854 1081 Apostolo-

118 1103 157 1127 rum
172 1090 196 1125 ita
210 1103 242 1127 uos
256 1089 349 1126 admonuit
362 1089 434 1126 Petrus:
449 1090 495 1125 hnte
509 1090 577 1134 omnia,
592 1090 654 1139 inquit,
669 1101 749 1127 mutuam
763 1092 781 1127 in
794 1092 853 1129 uobis-

118 1151 199 1198 metipsis
214 1150 318 1186 charitatem
332 1150 435 1185 continuam
449 1148 538 1194 habentes,
552 1149 593 1197 quia
607 1149 682 1185 charitas
699 1150 757 1197 operit
770 1150 853 1187 nudtitu-
891 1175 893 1180 ι

117 1211 178 1247 dinem
192 1219 313 1258 peccatorum,
328 1208 387 1252 Quam
402 1209 424 1244 sit
438 1209 537 1245 necessaria
551 1210 627 1245 fraterna
641 1209 717 1246 charitas
731 1210 752 1247 ad
770 1211 852 1255 salutem,

117 1270 206 1307 Dominus
221 1270 346 1306 uniuersorum
360 1268 409 1305 lesus
421 1267 504 1318 Christus
514 1268 581 1317 aperuit
595 1268 663 1307 dicens:
674 1269 742 1318 Diliges
752 1271 851 1308 Dominum

117 1331 175 1366 Deum
186 1340 236 1366 tuauu
251 1341 272 1364 ex
286 1338 324 1365 toto
339 1327 392 1365 corde
406 1338 444 1373 tuo,
454 1337 470 1365 et
485 1329 502 1365 in
515 1337 552 1364 tota
566 1329 624 1365 anima
637 1337 672 1373 tua,
683 1340 700 1366 et
714 1330 732 1366 in
745 1340 783 1368 tota
792 1342 852 1368 ruente

116 1400 152 1425 tua.
167 1388 206 1425 Hoc
220 1397 247 1424 est
261 1387 345 1435 primum,
360 1396 378 1423 et
396 1388 494 1436 taraximum
513 1387 622 1425 mandatum.
636 1387 737 1426 Secundum
755 1389 814 1426 simile
827 1401 853 1427 est

117 1449 167 1485 huic:
183 1447 251 1497 Diliges
266 1447 367 1495 promarum
382 1455 432 1482 tuum
447 1448 493 1483 sicut
507 1447 629 1495 temetipsum.
643 1449 663 1485 ln
676 1447 703 1485 his
720 1449 789 1485 duobus
803 1463 852 1487 man

116 1510 160 1547 datis
175 1510 257 1545 universa
271 1507 298 1543 lex
312 1506 383 1554 pendet,
399 1517 416 1542 et
430 1506 532 1553 prophetae.
547 1506 639 1555 Quicquid
655 1508 703 1543 euim
722 1508 740 1544 iu
757 1519 795 1545 tota
808 1510 853 1546 serie

116 1569 244 1617 scripturarum
258 1579 334 1614 usquam
348 1566 459 1613 praecipitur¹
474 1578 493 1601 ac
507 1566 551 1619 haec
565 1566 600 1602 duo
614 1566 696 1603 mandata
708 1569 746 1604 sine
759 1567 814 1605 dubio
828 1582 853 1605 re-

116 1629 177 1665 fertur.
191 1627 296 1663 Proximum
307 1625 336 1661 hic
350 1639 385 1662 uon
395 1625 486 1673 sanguinis
496 1625 627 1662 necessitudine
638 1627 719 1663 iunctum
729 1627 851 1677 intelligimus,

106 1687 147 1725 'sed
156 1700 229 1724 omnem
239 1686 331 1722 lromiueni
341 1685 426 1721 societate
435 1685 514 1727 rationis¹
526 1685 603 1721 maxime
613 1698 655 1721 vero
665 1685 787 1730 christianum,
798 1700 851 1736 quem

115 1748 237 1795 uittasquisque
252 1754 342 1793 tamquam
358 1744 436 1793 seipsum
447 1743 517 1781 iubetur
530 1744 609 1792 diligere,
620 1758 661 1781 cum
675 1758 711 1794 quo
725 1755 815 1782 aeternam
825 1760 851 1783 sa-

115 1807 171 1842 lutern
186 1806 264 1841 cernitur
278 1813 375 1852 expectare.
390 1804 427 1840 Vos
441 1814 500 1840 ritatem
515 1803 577 1840 fratres
591 1804 669 1840 arraxime
682 1803 732 1840 decet
746 1804 851 1841 alterutrum

115 1867 133 1902 in
146 1877 188 1901 uera
203 1864 288 1900 charitate
302 1862 394 1899 salvatoris
410 1863 449 1899 lesu
464 1863 530 1899 Christi
549 1862 627 1911 diligere,
642 1862 705 1912 quibus
722 1863 809 1911 professio
823 1866 851 1901 in-

115 1925 157 1962 dicit
172 1924 270 1961 mouastica
280 1925 322 1960 totis
336 1922 402 1959 uiribus
413 1923 434 1959 ad
444 1923 556 1971 perfectionis
567 1922 636 1959 culmen
646 1922 795 1961 anhelaresNam
806 1924 851 1961 sicut

114 1985 163 2021 radix
178 1985 260 2020 omniurn
274 1983 362 2019 nudorum
377 1992 403 2019 est
416 1981 509 2032 cupiditas,
522 1983 546 2018 ita
562 1982 611 2019 radix
625 1982 706 2019 onmium
721 1982 810 2020 honorum
824 1995 850 2021 est

115 2045 196 2082 charitas.
211 2044 269 2080 Deum
283 2044 300 2079 iu
314 2043 375 2090 [arianis
390 2053 463 2090 propter
476 2043 561 2091 seipsum,
572 2043 614 2091 quia
628 2055 720 2079 summum
734 2041 801 2079 hortum
816 2052 849 2089 est,

114 2117 167 2152 super
181 2104 241 2139 omnia
255 2102 308 2139 corde
322 2114 367 2149 puro
381 2100 447 2138 dehetis
461 2100 541 2149 diligere,
553 2114 572 2137 ac
587 2101 650 2137 deiude
665 2101 766 2149 proximum
781 2103 850 2139 sincera

115 2163 201 2200 charitate
211 2172 284 2209 propter
293 2161 391 2196 Domirmm
402 2173 466 2197 amare.
476 2160 524 2197 Haec
534 2160 569 2196 duo
579 2159 669 2196 charitatis
679 2171 772 2208 praecepta
782 2161 849 2198 Christi

114 2223 222 2260 auctoritate
236 2222 330 2257 coniuncta
345 2231 392 2262 sunt,
406 2228 426 2256 ut
439 2220 514 2256 alterum
533 2219 603 2272 impleri
620 2220 657 2255 siue
674 2219 730 2256 altero
748 2220 848 2257 nuhatenus

114 2284 176 2332 possit,
190 2281 238 2318 Nam
254 2281 284 2329 qui
301 2281 360 2316 Deum
373 2280 459 2316 veraciter
477 2279 541 2328 diligit,
557 2279 658 2327 proximum
676 2292 728 2315 suum
746 2280 796 2317 odire
812 2293 848 2318 non

114 2351 179 2391 potest.
193 2341 215 2377 Si
225 2339 284 2377 oderit
297 2340 406 2388 proximum,
419 2333 457 2375 ¹riou
476 2352 515 2376 uere
533 2339 591 2386 diligit
605 2339 670 2375 Deum.
687 2339 735 2374 Parit
753 2340 801 2376 enirn
815 2341 848 2378 Dei

113 2414 164 2438 artior
177 2400 292 2437 dilectionem
307 2399 392 2446 proximi,
403 2409 419 2435 et
429 2411 460 2446 per
473 2411 552 2436 atriorem
567 2398 643 2446 proximi
657 2397 734 2434 nutritur
748 2411 799 2435 antor
808 2400 848 2437 Dei.

113 2462 131 2498 Si
141 2461 185 2497 alter
195 2472 277 2496 amorum
287 2457 369 2503 deluerit,
380 2457 424 2494 alter
438 2459 511 2494 minime
522 2457 634 2494 convalescit.
644 2457 690 2494 Nam
702 2457 732 2505 qrri
746 2459 847 2505 pronimuiu

24 2533 93 2560 crunnus
113 2532 164 2556 suum
180 2517 257 2566 perfecte
271 2529 307 2553 non
321 2516 384 2564 diligit,
398 2530 417 2552 se
430 2516 464 2552 Dei
477 2528 538 2552 amore
552 2527 627 2552 uacuum
641 2513 724 2551 ostendit.
739 2514 792 2552 Tunc
805 2529 848 2565 ergo

6 2570 44 2594 Μ·
113 2579 171 2614 Deum
186 2577 272 2613 veraciter
285 2574 382 2623 diligimus,
393 2575 464 2624 quando
478 2575 581 2623 proximum
594 2583 682 2618 nostrum,
692 2572 726 2609 hoc
736 2583 762 2610 est
775 2586 847 2611 omnem

113 2637 206 2673 homiuem
225 2635 340 2672 christianum
355 2635 422 2671 sincera
436 2635 534 2671 intentione
547 2633 648 2682 diligentius
662 2645 748 2669 aruamns.
765 2632 846 2670 Charitas

113 2708 190 2744 namque
200 2695 276 2732 fraterna
289 2704 315 2731 est
324 2694 416 2731 uinculum
426 2695 478 2742 pacis,
489 2707 532 2742 qarae
542 2694 580 2731 sola
589 2693 645 2729 nutrit
658 2693 676 2728 iu
686 2691 796 2730 habitatione
806 2706 847 2730 con-
