1968 3023
397 113 473 151 Hostilio
484 114 500 150 V
499 113 546 150 ffls.
563 140 564 144 ,
810 125 833 160 49

95 195 154 233 luntas
167 197 200 233 Dei
213 197 230 233 in
244 195 316 233 Christo
330 195 370 232 Iesu
384 195 402 231 iu
416 192 498 231 omnibus
512 192 571 230 vobis.
586 192 633 236 Quis
651 203 710 229 aurem
728 193 750 229 sit
768 192 833 229 modus

95 255 164 302 orandi,
177 256 256 293 Salvator
269 268 302 292 nos
316 254 378 292 docuit
391 255 409 291 in
423 252 519 302 Evangelio
533 253 605 289 dicens:
620 251 650 289 Tu
663 262 729 297 autem,
741 265 781 289 crxrn
796 265 834 289 ora·
855 269 892 296 Mat
901 269 913 295 6,

76 361 77 364 Ἴ
95 314 147 358 veris
161 315 206 351 intra
219 315 237 351 in
251 313 354 351 cubiculum
368 324 424 357 tuum,
439 323 456 349 et
469 312 530 349 clauso
548 312 595 349 ostio
613 324 644 348 ora
662 321 728 360 patrem
747 321 799 348 tuum
816 312 833 348 in

95 373 208 413 abscondito:
222 386 239 412 et
252 384 301 423 pater
311 364 358 418 tuus,
369 374 398 423 qui
407 373 456 410 videt
469 374 487 410 in
500 371 612 416 abscondito,
623 371 676 409 redde
685 370 722 409 tibi.
732 372 753 408 Et
767 373 785 409 in
799 372 833 409 alio

95 433 137 471 loco
151 435 194 472 dixit
208 434 229 472 ad
242 435 335 472 mulierem
349 434 489 471 Samaritanam:
504 432 570 469 Mulier
584 431 636 484 crede
651 432 705 468 milri:
720 432 760 481 quia
773 434 833 469 veniet
855 444 912 475 tonna

96 493 147 539 liora,
161 494 231 542 quaudo
245 507 301 543 neque
315 495 332 531 in
346 494 381 531 lroc
395 504 462 537 monte,
476 506 533 541 neque
547 491 680 540 Hierosolymis
694 490 789 528 adorabitis
804 505 833 540 pa-

95 562 147 589 trem.
161 553 194 590 Sed
207 554 255 590 venit
272 553 320 598 liora,
335 564 352 590 et
366 565 413 589 nunc
426 563 458 598 est,
472 552 542 601 quando
559 552 597 588 ueri
616 550 717 588 adoratores
735 550 834 588 adorabunt

95 623 164 661 patrem
179 615 195 651 in
209 615 277 662 spiritu,
291 624 308 651 et
322 615 403 652 veritate.
417 615 463 652 Nam
477 624 494 651 et
508 624 557 663 pater
570 613 615 650 tales
629 614 703 663 quaerit,
714 614 744 663 qui
757 613 832 651 adorent

96 685 143 710 eum.
157 673 232 721 Spiritus
246 683 273 710 est
285 675 341 720 Deus,
356 683 374 711 et
388 687 424 718 eos,
438 674 468 723 qui
481 673 555 710 adorant
565 687 611 717 eum,
622 674 640 710 in
653 674 722 721 spiritu,
732 683 749 711 et
757 673 833 710 veritate

96 741 167 779 oportet
180 732 259 770 adorare.
273 732 381 770 Orationem
395 745 433 769 esse
447 732 512 778 cordis,
525 734 585 780 potius
604 746 657 782 quam
675 745 776 770 sermonem
796 733 832 770 oris
859 745 941 787 'oniropo-

95 783 229 838 prolixum,ex
241 790 307 828 Christi
321 792 402 828 doctriua
416 801 485 828 constat
497 792 623 829 manifestum:
638 793 678 841 quia
693 805 733 828 cum
746 793 795 829 Deus
810 793 832 829 sit
853 787 941 841 pppppumeu

95 851 174 898 spiritns
187 863 224 887 non
237 850 286 887 aliter
299 864 353 900 quatu
366 852 430 888 intimo
444 849 514 887 feruore
528 851 602 899 spiritus
611 852 660 888 venit
669 851 775 889 adorandus.
785 851 832 889 Ora-

72 937 74 941 ⁴
94 910 149 946 tionis
163 912 210 947 enixu
220 910 278 947 cordis
292 911 310 947 in
323 910 394 947 fervore
404 911 477 959 spiritus
486 916 551 959 magna
565 920 592 947 est
605 911 668 956 virtus,
678 911 832 959 multiplicationis

94 981 138 1006 vero
151 982 255 1007 sermonum
268 970 306 1006 sine
319 970 420 1006 attentione
434 971 497 1007 mentis
510 970 559 1007 nulla
569 971 644 1008 omnino
654 971 725 1008 utilitas.
734 972 781 1008 Hinc
790 972 833 1009 San-

96 1038 133 1066 ctus
143 1030 264 1078 Hieronymus
274 1029 307 1067 ait:
319 1030 362 1066 Non
371 1030 389 1066 in
399 1028 456 1066 uerbis
465 1039 540 1073 tautum,
551 1030 582 1066 sed
593 1029 647 1067 corde
656 1030 732 1067 orandus
741 1043 767 1068 est
777 1032 832 1069 Deus.

96 1089 210 1138 Quapropter
217 1089 281 1125 melior
289 1099 315 1126 est
323 1090 402 1138 quinque
409 1088 518 1137 psalmorum
526 1089 627 1127 decantatio
636 1103 676 1126 curn
684 1090 742 1127 cordis
749 1091 832 1140 puritate,

95 1161 116 1185 ac
123 1148 223 1194 serenitate,
232 1148 355 1197 spiritualique
362 1148 456 1192 hilaritate,
466 1149 584 1197 quamtotius
595 1149 673 1198 psalterii
683 1149 781 1187 modulatio
792 1164 832 1187 cum

95 1208 183 1244 araxietate
193 1207 255 1251 cordis,
264 1217 316 1257 atque
326 1207 405 1244 tristitia.
415 1207 436 1243 Et
443 1208 501 1244 Divus
510 1208 557 1257 Papa
564 1209 670 1257 Gregorius:
682 1210 729 1246 Vera
736 1209 833 1258 postulatio

95 1278 127 1311 est,
137 1281 173 1304 uon
187 1268 204 1304 in
218 1267 253 1304 otis
267 1266 347 1313 vocibus,
356 1267 387 1304 sed
403 1268 421 1304 in
435 1267 493 1304 cordis
502 1267 584 1314 uocibus,
595 1268 631 1305 hoc
640 1278 666 1305 est
679 1269 696 1305 in
710 1269 775 1305 sanctis
785 1271 833 1318 cogi-

95 1325 197 1364 tationibus.
207 1327 253 1364 Nam
262 1326 370 1364 valentiores
380 1339 432 1363 voces
442 1326 488 1374 apud
497 1327 531 1363 Dei
541 1339 592 1364 aures
606 1340 642 1364 non
654 1327 720 1365 faciunt
733 1327 791 1372 verba,
802 1329 834 1366 sed

95 1386 187 1424 desideria.
197 1386 279 1434 Exceptis
288 1386 344 1435 igitur
352 1386 381 1423 his
390 1385 505 1430 orationibus
516 1400 559 1435 quas
569 1384 633 1430 dicere,
644 1387 671 1423 vel
685 1401 706 1424 ex
719 1387 791 1425 decreto
801 1388 833 1424 Ec-

95 1446 159 1483 clesiae
172 1455 260 1491 tenemur,
271 1446 299 1483 vel
313 1459 334 1482 ex
344 1447 456 1483 institutione
466 1443 533 1483 ordinis
544 1446 645 1491 Monustici,
656 1447 746 1495 prolixitas
760 1448 778 1483 iu
792 1447 832 1484 reli-

56 1496 58 1501 ’
95 1506 141 1555 quis,
151 1514 168 1541 et
177 1504 301 1553 multiplicatio
311 1505 408 1542 verborum
421 1504 470 1551 nibil,
480 1516 509 1543 aut
521 1519 584 1554 parum
595 1505 697 1543 conducunt
704 1506 725 1543 ad
733 1519 800 1551 veram,
809 1508 833 1544 in·

95 1576 199 1614 ternumque
207 1565 321 1602 devotionem
331 1565 405 1602 mentis:
415 1566 499 1615 quoniam
507 1565 537 1602 ubi
544 1578 581 1603 non
590 1576 616 1602 est
624 1564 693 1603 feruens
702 1567 720 1603 in
727 1567 762 1603 Dei
771 1580 833 1604 amore

95 1620 833 1673 desiderium,superflueextensiointroducitursermonum.Dicitenim'sacernu-

94 1684 184 1732 gustinus:
193 1682 244 1720 Absit
250 1683 271 1720 ab
280 1685 362 1721 oratione
369 1683 426 1721 multa
433 1684 517 1733 precatio,
525 1684 557 1721 sed
564 1683 634 1722 lervens
642 1696 742 1734 perseveret
749 1686 832 1724 intentio:

95 1743 137 1792 quia
150 1742 225 1779 multum
235 1742 284 1791 loqui
297 1743 315 1779 in
329 1742 397 1779 orando
407 1752 433 1779 est
442 1756 479 1779 rem
489 1745 608 1780 necessariam
621 1744 714 1792 superfluis
728 1758 779 1794 agere
793 1758 833 1782 ver-

95 1801 127 1838 bis.
142 1801 206 1839 Oratio
219 1814 288 1849 nauque
302 1802 363 1849 paucis
377 1800 436 1837 verbis
449 1814 476 1838 tes
490 1802 599 1850 multiplices
614 1803 754 1851 comprehendit,
765 1814 784 1840 ut
797 1805 832 1841 cito

95 1861 199 1909 simplicitas
212 1859 253 1897 fidei
266 1860 392 1897 sufficientiam
407 1874 449 1897 suae
462 1860 523 1898 salutis
536 1860 642 1905 addisceret,
653 1872 669 1899 et
683 1863 776 1910 prudentIa
785 1865 833 1913 inge-

95 1921 189 1958 niosorum
199 1918 319 1968 profunditate
328 1920 452 1957 misteriorum
461 1930 576 1969 stupesceret.
584 1921 621 1957 illis
629 1933 677 1965 xero,
686 1921 748 1971 quibus
758 1934 832 1972 propter

96 1979 180 2016 duritiam
190 1978 253 2025 cordis,
261 1979 326 2015 interni
336 1978 412 2016 defuerit
422 1978 496 2016 fervoris
507 1980 630 2028 compunctio,
639 1993 678 2016 cum
689 1994 707 2017 se
716 1985 832 2029 prosternunt

73 2071 75 2075 ,
95 2037 235 2081 adorationem,
249 2050 332 2074 sermone
345 2037 450 2086 prolixiore,
465 2037 547 2081 clamore,
562 2047 580 2074 et
593 2038 691 2087 lachrymis
704 2052 748 2087 opus
762 2049 798 2084 est,
813 2049 832 2077 ut

96 2098 179 2134 diuturna
190 2097 296 2133 excitatione
305 2097 379 2142 mentis,
387 2097 446 2145 ignem
456 2096 512 2133 divini
521 2098 587 2134 amoris
597 2097 695 2135 ferventem
705 2099 721 2135 in
731 2099 832 2147 semetipsis

96 2156 168 2193 taudem
182 2156 277 2201 excutiant,
292 2155 349 2193 donec
363 2157 381 2192 in
394 2156 477 2192 a'ss'ectum
490 2166 561 2193 sanctae
578 2157 665 2193 orationis
683 2158 700 2193 in
717 2158 751 2194 Dei
768 2159 832 2207 spiritu

80 2228 82 2232 ⁴
96 2225 211 2265 consurgant.
224 2215 288 2252 Postea
301 2227 343 2252 vero
358 2228 411 2264 quam
425 2213 483 2251 ferror
497 2215 552 2252 divini
565 2216 642 2259 amoriS,
657 2225 674 2252 et
687 2218 832 2265 compunctionis

96 2284 176 2312 mentem
186 2275 308 2324 penetraverit,
319 2275 354 2311 iam
364 2274 446 2323 deinceps
456 2287 491 2312 non
502 2288 546 2324 opus
557 2286 583 2312 est
593 2276 719 2313 exercitatione
726 2276 831 2322 verborum,

96 2335 127 2372 scd
141 2335 237 2384 spiritualis
250 2333 326 2371 fomenti
341 2334 452 2371 continuatio
465 2335 566 2383 requiritur,
583 2348 606 2370 xre
622 2334 681 2371 fervor
694 2336 791 2383 spiritualis
806 2338 830 2373 in·

96 2394 154 2432 cendii
168 2395 285 2443 extinguatur.
299 2394 319 2430 ln
332 2394 380 2430 hunc
394 2393 447 2431 finem
461 2395 584 2431 sanctissimus
597 2405 646 2442 pater
659 2404 720 2431 noster
731 2397 833 2433 orationem

96 2455 114 2491 in
128 2456 216 2492 conventu
230 2452 328 2490 abbreviari
338 2452 404 2490 voluit:
415 2462 433 2489 ut
447 2453 461 2489 si
474 2454 513 2502 quis
527 2455 544 2490 iu
558 2454 622 2502 spiritu
631 2453 708 2491 voluerit
717 2468 773 2500 orare,
784 2469 832 2493 seor-

96 2527 136 2551 sum
150 2514 211 2562 possit.
225 2512 269 2549 Sunt
282 2523 342 2549 autem
355 2511 443 2558 nominib,
457 2513 486 2561 qui
500 2525 556 2561 usque
570 2512 614 2549 adeo
628 2523 669 2549 sunt
682 2513 721 2551 duri
735 2515 800 2560 cordis,
814 2526 833 2553 ut

96 2587 167 2622 parum,
185 2573 214 2610 vel
231 2572 275 2609 nihil
292 2573 338 2610 inter
352 2572 439 2609 orandum
458 2573 553 2622 spiritualis
571 2573 662 2610 inveniant
679 2576 833 2623 compunctionis:

96 2631 160 2683 quibus
173 2631 243 2670 libertas
257 2633 362 2681 perniciem,
381 2642 397 2668 et
414 2632 493 2670 solitudo
510 2632 613 2683 frequenter
626 2634 671 2681 parit
684 2633 833 2682 desperationem.

782 2735 789 2756 ll
