1968 3023
61 535 144 562 Poenitentia

55 579 89 603 vera,
98 579 136 606 quae.

164 163 188 199 94
368 153 394 189 Do
406 164 447 190 ooo
459 152 560 202 poenitentia
575 151 696 189 aarorzacboram.

163 231 219 268 tentia
232 231 343 279 mortalibus,
357 247 401 283 quae
414 233 493 271 sordidas
507 244 570 283 purgat
583 234 660 280 animas,
674 244 691 271 et
705 242 774 270 mentes
788 231 808 271 ab
822 234 895 271 interitu

163 301 234 329 revocat
247 292 341 330 destinato.
355 294 401 330 Hinc
416 293 471 330 Divus
485 293 528 330 dicit
540 293 651 342 Augustinus
656 308 661 340 ;
674 294 787 331 Poeniteutia
799 292 896 344 languores

162 359 217 395 sanat,
232 350 313 401 leprosos
327 362 383 399 curat,
397 363 414 390 et
428 364 509 390 mortuos
522 354 602 398 suscitat,
616 353 730 389 sanctitatem
743 364 804 403 auget,
818 353 895 403 gratiam

163 422 262 448 conservat.
269 412 382 457 Poenitentia
391 413 458 450 claudis
468 425 554 462 gressum,
561 413 619 449 coecis
628 412 692 457 visum,
702 412 755 450 aridis
765 413 841 462 copiam,
849 412 896 450 debi-

163 469 209 507 libus
223 472 301 509 restituit
315 472 423 517 firmitatem,
437 473 479 509 vitia
492 472 546 522 lugat,
560 473 634 509 virtutes
647 482 726 517 exornat,
741 485 819 510 mentem
833 474 896 517 amauit,

165 542 181 567 ea
191 531 301 570 corroborat.
315 532 346 569 illa
355 542 414 569 antem
425 545 466 569 vera
476 542 502 568 est
512 532 628 581 poenitentia,
639 531 709 577 fratres,
724 545 777 582 quam
787 534 897 570 necessariae

164 602 228 638 partes,
242 601 261 628 ut
274 593 449 636 totum,veracitater
459 592 594 638 commendaut3
608 591 637 629 ubi
651 593 735 629 contritio
749 603 827 640 mentem
843 606 896 642 pene-

164 658 205 696 trat,
220 649 249 686 ubi
262 649 318 688 latens
331 661 423 699 peccatum
437 650 519 697 humilis,
533 661 549 688 et
565 663 609 700 pura
625 650 714 688 confessio
727 651 802 699 referat,
817 651 847 689 ubi
864 665 896 701 pro

163 709 230 746 viribus
247 710 332 747 satisfacit
345 710 454 756 obedientia,
468 709 497 746 ubi
511 711 536 747 sic
549 712 641 759 poenitens
655 711 703 748 dolet
716 711 737 748 de
752 712 862 760 praeteritis,
877 722 897 749 ut

164 770 249 807 veraciter
262 771 406 820 omnitempore
424 780 483 808 caveat
500 784 510 807 a
527 770 596 809 futuris.
610 772 656 809 Vera
669 772 780 821 poenitentia
793 782 829 819 est,
843 786 896 822 quam

164 831 197 867 Dei
210 843 261 868 aanor
274 830 370 880 gemitibus
384 834 462 874 exornat,
472 842 489 867 et
501 831 608 881 lachrymis:
622 830 651 868 ubi
665 831 703 880 plus
717 831 766 869 dolet
780 843 862 881 peccator
875 832 896 869 de

164 890 230 927 offensa
243 890 287 937 Dei,
301 903 354 940 quam
372 890 434 928 timeat
451 890 472 927 de
491 891 569 927 cruciatu
583 891 652 928 inferni.
666 891 687 928 Et
705 892 743 940 quis
761 901 844 929 nostrum
860 905 897 930 non

163 949 228 996 doleat,
241 949 304 988 fratres
317 950 442 996 arrranhssimi,
453 950 492 999 quis
500 962 537 988 non
546 950 651 999 ingemiscat
665 950 801 995 monachorum,
810 951 829 987 in
837 950 896 999 legem

117 1009 119 1012 ’
164 1022 182 1045 se
196 1008 292 1058 deliquisse
305 1008 396 1054 altissimi,
410 1022 468 1058 aquo
482 1008 567 1046 habemus
584 1022 620 1046 nou
636 1009 694 1046 solum
711 1010 783 1055 vivere,
798 1009 829 1046 sed
843 1010 896 1046 etiam

74 1845 90 1871 ln
99 1851 144 1869 mona·

56 1880 97 1921 chos'
107 1878 144 1904 volu·

55 1922 118 1950 ptuauos.

164 1078 279 1119 expectamus
294 1070 433 1119 promissionem
446 1068 546 1107 foelicitatis
562 1069 655 1107 aeternae?
668 1069 706 1106 Vae
719 1068 779 1112 nobis,
794 1068 868 1115 iratres,
882 1070 897 1106 si

163 1141 223 1165 veram
237 1141 289 1178 agere
306 1129 434 1178 poenitentiam
447 1129 465 1166 in
478 1127 510 1165 hac
523 1129 559 1165 vita
572 1128 713 1178 neglexerimus,
728 1141 781 1178 quam
795 1139 814 1166 ut
826 1142 897 1177 semper

164 1199 263 1235 ageremus,
278 1187 361 1225 monaehi
375 1187 417 1224 laeti
429 1200 496 1225 sumus.
508 1188 574 1225 Nostra
588 1188 635 1224 euim
649 1187 761 1225 conversatio
774 1188 792 1224 in
804 1187 844 1227 solo
858 1200 897 1223 cru-

164 1246 217 1283 cifixo
230 1247 270 1283 iesu
285 1247 356 1284 Christo
372 1246 424 1283 debet
438 1260 475 1284 esse
489 1257 584 1295 occupata,
599 1256 616 1283 et
629 1261 638 1284 a
651 1245 713 1283 usundi
730 1245 798 1283 solatiis
816 1247 897 1295 paenitus

164 1307 226 1344 aliena.
240 1308 283 1345 Non
297 1308 358 1345 decent
372 1316 389 1344 te
402 1306 464 1343 mundi
477 1306 539 1344 solatia
553 1321 563 1344 o
577 1306 671 1352 monache,
685 1319 721 1344 nou
734 1306 846 1355 voluptates,
861 1319 897 1344 nou

164 1366 245 1411 deliciae,
260 1379 296 1404 non
314 1367 368 1411 risus,
382 1379 418 1404 non
436 1366 524 1410 cachinni,
539 1379 573 1403 uon
590 1366 648 1416 aliqua
665 1366 765 1404 consolatio
783 1367 851 1413 carnis,
866 1366 897 1403 sed

164 1439 241 1470 moeror,
256 1436 273 1462 et
286 1425 386 1463 amaritudo
401 1439 442 1462 cum
455 1425 562 1474 lachrymis:
577 1425 639 1474 quibus
657 1426 672 1463 si
689 1439 725 1463 non
743 1425 838 1463 indulseris
854 1438 896 1462 con-

163 1487 220 1532 tinue,
233 1486 317 1523 monachi
330 1485 438 1522 uocabulum
451 1486 533 1523 amisisti.
543 1486 584 1523 Non
594 1485 634 1523 licet
643 1484 674 1523 tibi
684 1486 761 1535 gaudere
771 1498 812 1523 cum
822 1486 897 1530 saeculo,

164 1547 193 1595 qui
206 1555 289 1582 mortuus
303 1558 321 1582 es
335 1544 412 1582 mundo:
426 1557 459 1582 nec
472 1543 523 1582 debes
537 1544 595 1594 aliqua
608 1545 705 1594 praesentis
714 1545 761 1581 vitae
769 1545 831 1582 solatia
845 1558 897 1595 quae-

163 1617 207 1648 rere,
222 1606 253 1653 qui
265 1604 345 1641 Domino
359 1605 457 1653 promisisti
470 1603 567 1641 secuudum
580 1604 660 1653 regulam
674 1604 791 1641 monasticam
805 1605 823 1641 in
834 1604 898 1643 solitu-

163 1664 204 1701 dine
218 1663 290 1700 servire.
304 1663 366 1700 Tuum
380 1673 415 1708 est,
430 1664 526 1710 monache,
541 1664 622 1700 universa
639 1663 692 1700 huius
710 1663 772 1700 mundi
787 1663 851 1713 gaudia
865 1677 897 1712 pro

163 1723 198 1760 Dei
210 1735 271 1761 amore
285 1736 363 1771 semper,
379 1734 395 1760 et
408 1721 472 1771 ubique
486 1734 609 1765 contemnere,
624 1732 641 1760 et
654 1723 703 1760 nulia
716 1724 798 1767 adversa,
812 1723 841 1760 vel
855 1723 898 1761 dura

164 1782 223 1819 subire
235 1795 268 1832 pro
281 1782 351 1820 honore
364 1782 457 1820 salvatoris
470 1783 496 1820 tui
509 1795 596 1819 recusare,
611 1782 640 1819 Sic
653 1783 701 1819 enim
718 1792 736 1819 te
753 1795 810 1819 canon
827 1793 896 1829 monet,

164 1841 190 1877 sie
203 1841 293 1878 institutio
306 1842 405 1878 monastica
418 1840 470 1885 iubet,
481 1841 505 1877 sic
519 1842 564 1878 ratio
578 1841 640 1878 salutis
653 1842 751 1878 necessaria
764 1840 831 1878 suadet.
842 1841 898 1879 Omni

164 1901 237 1946 vilitate,
250 1909 267 1937 et
281 1902 393 1937 extremitate
407 1899 472 1938 iuberis
486 1914 523 1938 esse
537 1911 637 1947 contentus,
646 1910 663 1937 et
676 1912 747 1948 semper
760 1899 781 1936 ad
794 1901 855 1937 omnia
868 1914 897 1950 pa-

163 1959 221 1996 vidus.
231 1958 265 1996 Sed
274 1959 326 1996 video
336 1959 430 2008 plerosque
443 1968 523 1995 vestrum
537 1958 615 2008 regulam
629 1958 690 1995 salutis
700 1968 806 2006 pervertere,
816 1969 832 1995 et
841 1958 897 2005 aliter,

163 2030 216 2067 quam
230 2027 303 2067 oportet
315 2019 333 2055 in
347 2018 435 2056 coenobio
449 2019 555 2056 conversari.
568 2018 644 2055 Delicias
658 2018 740 2054 monachi
753 2029 800 2054 nunc
814 2022 898 2066 quaerere

163 2078 182 2114 in
195 2077 286 2115 coenobiis
299 2090 336 2114 non
348 2088 439 2122 metuunt,
453 2078 483 2127 qui
497 2078 518 2115 ad
531 2078 667 2114 conversionem
680 2089 777 2125 pauperes,
791 2087 807 2114 et
820 2077 898 2115 mendici

164 2137 184 2174 de
198 2137 269 2174 saeculo
283 2147 376 2174 venerunt.
389 2138 435 2175 Nam
449 2151 494 2186 quae
508 2136 551 2174 foris
565 2136 629 2174 habere
642 2149 678 2173 non
691 2146 778 2185 poteraut,
791 2138 826 2174 iam
840 2139 855 2174 si
869 2136 898 2174 de-

163 2197 229 2234 fuerint
247 2198 265 2234 in
282 2197 401 2241 monasterio,
416 2198 466 2246 quasi
482 2197 608 2234 contumeliam
625 2197 672 2245 passi
689 2197 822 2244 gravissimam,
837 2207 898 2234 contra

163 2255 283 2293 humilitatem
293 2254 366 2293 rebelles
376 2265 422 2293 suut.
433 2256 471 2293 Vae
480 2255 580 2301 monachis,
589 2268 634 2304 quos
643 2267 679 2291 nou
688 2255 722 2291 Dei
731 2267 787 2299 amor,
797 2255 828 2292 sed
838 2256 898 2304 inopia

164 2316 205 2353 fecit
219 2316 327 2362 claustrales,
342 2329 419 2366 quorum
432 2316 481 2352 Deus
494 2324 555 2352 venter
569 2325 606 2360 est,
621 2324 638 2351 et
651 2313 695 2351 nihil
711 2316 771 2351 minus
788 2327 842 2365 quam
856 2312 906 2363 pau?

164 2385 252 2424 pertatem
266 2376 351 2425 cogitant.
364 2375 407 2412 Nou
420 2385 447 2411 est
461 2385 545 2418 vestrum,
556 2388 566 2411 o
577 2374 664 2417 monachi,
679 2373 750 2411 delicias
760 2374 778 2411 111
789 2376 898 2412 monasterio

164 2435 246 2482 deinceps
260 2446 350 2483 quaerere,
364 2447 406 2482 quas
420 2434 481 2482 regula
494 2434 579 2482 praecipit
593 2432 667 2469 omnino
680 2431 772 2481 abnegare.
786 2432 843 2471 Vobis
857 2446 898 2470 con-

163 2495 211 2531 venit
225 2506 287 2531 omnes
301 2493 402 2542 voluptates
415 2494 511 2543 praesentis
521 2493 567 2529 vitae
577 2504 666 2539 spernere,
677 2503 694 2529 et
702 2501 772 2540 praeter
781 2493 841 2529 Deum
854 2492 900 2529 nihil

163 2554 182 2590 in
194 2554 229 2590 hoc
243 2553 311 2590 inundo
325 2553 406 2602 paenitus
420 2565 485 2589 amare.
499 2552 546 2589 Tota
564 2552 610 2588 eninr
629 2553 740 2589 conversatio
758 2562 817 2588 vestra
835 2551 898 2588 divinis

164 2625 233 2661 semper
247 2610 298 2649 debet
312 2624 350 2648 esse
367 2612 467 2659 unmcipata
481 2609 577 2659 obsequiis,
591 2611 621 2659 qui
634 2610 693 2648 vivere
707 2611 777 2659 spiritu,
792 2620 809 2648 et
822 2623 859 2648 non
872 2624 899 2648 se-

165 2672 242 2710 eundum
256 2685 325 2709 carnem
340 2672 454 2721 promisistis.
467 2671 563 2720 Nunquam
576 2671 613 2707 sine
627 2672 735 2719 poenitentia
746 2672 798 2718 vivit,
807 2671 837 2720 qui
846 2683 899 2708 verus
