1968 3023
385 134 441 172 51111111
457 135 475 171 V.
707 179 709 184 θ
763 144 796 170 211

62 227 121 255 autem
134 216 218 266 prudens,
229 226 281 267 atque
290 215 364 254 devotus
374 228 411 252 non
420 225 503 252 mouetur
516 213 635 263 superborum
648 214 725 263 ignavia,
736 223 799 262 utpote

63 277 94 325 qni
106 276 161 324 probe
173 276 257 326 intelligit
268 276 306 314 vim
319 275 408 325 quaradam
417 274 523 313 exhortandi
536 283 639 311 sanctorum
648 274 705 311 inesse
714 273 798 311 vhistoriis

63 337 158 374 efficacem
171 336 325 381 1111111111
339 338 412 380 interea,
426 335 475 385 quod
488 348 552 372 uerum
565 345 598 381 est,
612 334 672 379 fatear,
686 335 725 383 plus
739 335 761 372 acl
774 335 799 372 in·

62 396 107 433 terni
121 396 195 433 fervoris
209 396 323 434 devotionem
333 398 386 434 unius
397 396 453 433 sancti
463 395 598 433 conuersatione
612 406 734 439 commoveor,
744 408 798 445 quam

63 457 137 493 curiosis
154 455 267 494 sermonibus
283 457 354 493 tntiltis:
373 457 414 505 quia
433 457 479 493 sicut
499 455 546 503 Papa
562 455 685 491 sanctissimus
698 454 734 491 Leo
750 455 798 491 dicit.

63 515 153 553 Validiora
167 526 208 552 sunt
222 516 307 565 exempla,
322 530 375 565 quam
389 516 452 554 verba:
467 526 483 553 et
497 515 536 564 plus
550 526 576 552 est
589 527 644 564 opere
658 514 730 558 docete,
745 526 799 564 quam

62 589 112 613 uoce.
125 577 193 613 Verum
207 577 259 613 sicuti
272 589 309 613 non
323 577 383 613 omnia
397 576 467 625 placent
481 574 571 621 ornatibus,
581 576 605 611 ita
614 587 646 611 nec
660 572 743 610 omnibus
758 585 799 609 con-

62 635 137 672 veniunt
151 636 218 672 omniu:
232 636 266 672 hoc
280 636 375 683 unicuique
384 635 502 685 frequentius,
512 648 531 671 ac
540 634 639 679 studiosius
649 632 744 681 legendum
759 644 799 668 con-

62 694 142 737 sulimus,
153 695 202 730 cuius
211 693 289 731 lectione
300 707 350 731 mens
360 693 381 731 ad
391 696 478 731 maiorem
487 694 571 730 incitatur
579 692 686 742 proiectum.
701 692 798 737 Octavum,

62 753 110 802 quod
127 754 220 791 laotninetu
234 767 243 790 a
257 763 331 802 peccato
345 754 429 801 retrahit,
443 765 469 790 est
483 754 569 800 charitas,
583 755 604 790 de
618 766 650 802 qaia
665 762 735 789 sanctus
749 753 798 798 Apo-

62 813 119 851 stolus
133 813 185 851 dicit:
199 813 281 850 Charitas
292 813 360 862 patiens
375 823 406 859 est,
416 813 492 862 benigna
506 824 537 861 est,
552 827 587 851 non
601 814 637 862 agit
650 824 751 861 perperam,
762 824 798 848 non

62 872 137 915 inflatur,
152 880 228 908 nonest
243 869 344 916 ataabitiosa,
358 884 394 907 non
408 872 482 920 quaerit,
496 885 541 920 quac
555 885 586 908 sua
600 882 648 917 sunt,
663 884 698 907 non
712 871 797 917 irritatur,

62 943 99 967 non
113 931 178 978 cogitat
191 929 264 976 malum,
278 942 314 966 non
327 928 393 977 gaudet
406 942 459 977 super
473 930 571 978 iniquitate,
586 929 686 977 congaudet
699 938 797 978 antemnae-

62 991 116 1028 ritatl:
131 991 191 1027 omnia
205 990 272 1033 suffert,
286 990 346 1027 otnuia
360 989 422 1036 credit,
432 990 493 1026 omnia
506 999 571 1038 sperat,
584 990 644 1027 onmia
657 990 737 1026 sustinet.
752 988 797 1026 Cha-

62 1051 104 1087 ritas
121 1063 212 1099 nunquam
233 1049 304 1086 excidit.
326 1049 362 1092 Qui
376 1049 434 1085 Deum
449 1059 505 1091 attuit,
519 1049 564 1098 fugit
577 1060 680 1097 peccatum:
695 1049 724 1098 qui
738 1060 798 1085 11111111

62 1122 123 1146 set'uus
136 1120 162 1146 est
175 1109 270 1155 sceletum,
284 1107 367 1157 profecto·
377 1122 416 1158 ¹non
429 1108 488 1158 diligit
501 1109 566 1145 Deum.
581 1101 656 1145 Aniatot
665 1109 698 1145 Dei
707 1122 744 1146 non
757 1108 798 1145 lacit

62 1178 160 1217 peccatum,
173 1178 190 1204 et
203 1169 233 1216 qui
246 1168 347 1204 Domimma
360 1170 413 1204 suum
427 1168 513 1204 veraciter
526 1166 589 1216 diligit,
604 1180 623 1203 ac
636 1180 707 1216 semper
720 1168 798 1205 intuetur

62 1237 184 1276 praesentem,
197 1240 234 1264 non
247 1237 331 1275 operatur
344 1227 461 1275 iniquitatem.
480 1227 529 1263 Deus
543 1237 570 1262 est
583 1239 684 1271 summum,
699 1235 716 1263 11
729 1228 798 1264 incom-

62 1287 147 1324 mutabile
164 1286 243 1332 bonum,
259 1287 308 1323 cuius
326 1298 387 1323 amore
405 1296 497 1334 peccatum
515 1296 532 1322 et
548 1285 652 1335 fugieiadum
667 1297 702 1333 est,
716 1297 733 1323 et
750 1286 797 1323 dete-

62 1343 155 1392 standuni',
169 1347 260 1395 qtaoniana,
270 1346 300 1394 qui
313 1346 379 1381 timore
392 1357 491 1393 poenarum
505 1344 596 1381 danntaxat
609 1358 681 1393 peccare
695 1347 765 1392 metuit,
776 1345 798 1382 ad

62 1405 152 1442 charitatis
161 1406 240 1453 praemia
248 1417 285 1442 non
294 1404 378 1441 ascendit.
391 1405 455 1441 Servus
465 1405 512 1441 etaim
521 1417 557 1440 non
567 1415 627 1452 peccat
636 1413 685 1441 metu
694 1404 796 1451 uerbetum3

62 1464 93 1501 sed.
106 1464 152 1501 lilius
166 1464 233 1501 recedit
242 1478 250 1501 a
260 1464 308 1501 analo
317 1464 396 1512 parentis
405 1476 473 1511 amore,
483 1476 505 1500 111
514 1464 594 1500 animum
608 1463 685 1501 offendat
698 1475 797 1513 paternum.

62 1526 160 1563 Careamus
178 1534 281 1574 peccatum,
294 1524 357 1561 fratres
371 1526 415 1568 mei,
430 1533 446 1561 et
463 1534 528 1574 quanta
541 1538 637 1572 possumus
651 1525 705 1562 animi
722 1526 797 1574 puritate

62 1586 80 1621 in
89 1594 185 1633 conspectu
195 1585 264 1621 domini
273 1596 400 1621 conversemur
410 1577 494 1633 qaaoniam
502 1585 551 1620 sicut
560 1584 625 1621 lethale
634 1584 726 1621 uenenum
733 1581 797 1632 corpus

61 1653 154 1692 sumptum
165 1643 253 1688 interficit,
263 1644 289 1680 sic
297 1653 390 1692 peccatum
400 1642 519 1693 delinquentis
533 1645 611 1681 ahinaam
625 1643 695 1681 occidit.
708 1645 755 1681 Hinc
764 1657 796 1680 nos

61 1705 88 1741 vir
97 1704 165 1752 sapiens
179 1705 264 1741 admonet
277 1704 295 1739 in
304 1703 429 1744 Ecclesiastico
439 1703 508 1740 dicens:
523 1704 580 1746 Quasi
594 1717 603 1740 a
616 1704 660 1740 fiacie
674 1703 742 1742 colubri
755 1702 796 1752 luge

61 1772 144 1811 peccata,
163 1764 247 1812 quoniam
263 1763 278 1799 si
294 1762 388 1800 accesseris
402 1763 423 1800 ad
439 1762 478 1806 illa,
492 1763 590 1811 suscipient
603 1773 625 1800 te.
643 1763 710 1800 Dentes
727 1763 796 1808 leonis,

62 1823 121 1860 dentes
140 1824 208 1872 peccati
227 1822 353 1860 interficientes
373 1822 440 1859 animas
460 1822 560 1859 hominum.
581 1822 637 1866 Quasi
657 1822 753 1871 romphaea
770 1821 797 1859 bis

61 1891 112 1918 acuta
125 1882 203 1919 hominis
216 1882 307 1931 iniquitas,
317 1881 378 1929 plagae
391 1881 439 1918 illius
454 1894 490 1918 non
502 1890 528 1917 est
537 1882 608 1917 sanitas.
621 1881 641 1917 ln
650 1881 742 1918 Ezechiele
755 1895 797 1930 quo-

51 1944 95 1990 'que
108 1940 182 1978 dicitur:
197 1942 269 1986 Anima,
281 1953 325 1990 quae
338 1941 442 1989 peccaverit,
452 1942 490 1988 ipsu
503 1940 595 1977 morietur.
610 1940 666 1978 Omni
677 1941 797 1979 sollicitudine

62 2013 132 2049 semper
147 2000 199 2037 nobis
212 2000 324 2049 uigilandum
337 2010 375 2046 est,
389 2009 455 2045 utne,
469 1999 559 2036 mediante
574 2010 656 2047 peccato,
671 1999 770 2037 dividamur
788 2014 797 2037 a

61 2059 146 2097 Domino.
162 2058 212 2097 Nihil
226 2069 284 2096 autem
298 2058 376 2108 perlecta
393 2059 478 2096 charitate
492 2059 510 2094 in
523 2060 581 2095 Deoua
595 2069 622 2095 est
634 2059 698 2096 fortius
712 2059 733 2096 ud
746 2073 797 2108 supe-

55 2118 136 2155 randum
147 2132 200 2156 omne
207 2129 308 2167 peccatum,
318 2120 409 2167 quoniam,
419 2119 465 2155 sicut
472 2119 547 2155 loannes
558 2118 665 2167 evangelista
674 2120 796 2156 sanctissimus

62 2178 114 2223 dicit,
128 2178 203 2224 Omnis,
217 2179 248 2227 qui
261 2190 282 2214 ex
295 2179 334 2215 Deo
351 2187 402 2214 natus
416 2188 452 2224 est,
466 2177 557 2214 non-facit
571 2186 675 2227 peccatum:
691 2180 721 2228 qui
736 2188 795 2216 autem

62 2248 128 2285 peccat,
137 2250 174 2274 non
182 2238 242 2275 Deum
251 2238 337 2284 imitatur,
347 2236 378 2274 sed
390 2238 491 2285 praemium
504 2239 572 2286 peccati
586 2235 681 2274 diabolum.
695 2238 796 2287 Diligamus

61 2297 126 2343 Deum,
140 2306 158 2333 et
170 2310 207 2334 non
221 2296 342 2333 dominabitur
356 2298 374 2333 in
387 2296 439 2333 nobis
453 2305 555 2345 peccatum,
569 2309 649 2334 amemus
663 2297 765 2343 Christum,
779 2309 796 2334 et

61 2355 105 2393 nihil
119 2355 233 2405 operabimur
246 2356 297 2393 saluti
312 2366 383 2393 nostrae
397 2357 512 2393 contrarium.
526 2356 576 2393 Nihil
590 2356 663 2402 melius,
678 2356 722 2394 nihil
735 2367 797 2394 contra

61 2424 153 2463 peccatum
166 2414 237 2463 lortius,
251 2415 296 2453 nihil
309 2417 396 2461 securius,
411 2429 465 2465 quant
478 2416 537 2452 Deum
551 2428 616 2460 amare,
630 2417 660 2465 qui
674 2418 722 2465 prior
735 2416 796 2454 dilexit

62 2487 105 2520 nos,
120 2486 136 2512 et
150 2474 193 2512 lauit
208 2488 242 2513 nos
255 2489 264 2512 1
278 2475 354 2523 peccatis
374 2474 457 2512 omnibus
472 2477 488 2512 in
503 2476 589 2524 sattaguine
609 2477 696 2525 unigeniti
714 2476 745 2513 filii
762 2477 796 2513 sui.

61 2534 126 2570 Sumus
140 2535 187 2571 enim
201 2527 332 2583 obligati'Deo¹
347 2545 364 2571 et
378 2547 418 2570 eum
433 2544 515 2570 tenemur
528 2547 588 2571 1111111
601 2536 643 2571 totis
657 2534 723 2571 viribus
738 2535 796 2572 cordis

61 2593 155 2642 tntdtiplici
169 2595 243 2631 ratione.
253 2594 320 2639 Primo,
330 2594 409 2643 quidem,
424 2606 495 2630 1111111111
504 2607 513 2630 1
523 2593 574 2630 nobis
586 2593 686 2642 diligendus
700 2605 726 2632 est
739 2596 795 2642 Deus,

61 2665 97 2689 raon
110 2652 162 2689 aliam
176 2652 198 2690 ob
211 2666 289 2697 causam,
298 2652 332 2690 nisi
346 2660 418 2702 propter
431 2653 559 2701 semetipsunn
573 2652 604 2703 qui
617 2665 716 2700 summum,
727 2663 744 2691 et
758 2655 796 2692 uni-

817 1893 855 1920 13111.
865 1894 885 1920 18.

818 2130 829 2148 1.
840 2123 876 2148 loau.
887 2131 898 2156 5.
938 2152 939 2155 Ἴ

816 2366 859 2399 Apoc.
870 2374 881 2391 1.

823 2554 860 2580 Deus
867 2555 905 2580 nobis

817 2594 846 2615 totu
861 2589 904 2615 aniano

817 2624 879 2650 amandus
887 2625 904 2650 ob

817 2659 863 2686 11111111.
