1968 3023
68 1300 117 1327 Eccles.
127 1309 147 1336 ²7¹

175 205 197 240 90
363 196 389 233 Do
402 196 499 246 quotidiana
509 204 613 246 peccatoram
626 198 723 248 expiatione.

173 273 253 311 tientem.
268 274 310 311 Sine
324 274 382 320 ferro,
397 287 413 312 et
427 277 467 326 igne
481 285 548 325 martyr
566 289 604 314 esse
616 264 679 326 ⁵potest
696 278 805 325 naotaachus,
819 280 834 316 si
847 292 908 318 veram

173 332 239 382 ubique
252 334 356 382 patientiam
369 336 388 372 in
401 337 461 373 animo
475 349 507 385 pro
521 336 554 373 Dei
569 349 629 373 amore
643 336 751 375 custodierit.
768 338 827 375 Verus
841 341 907 377 etenim

173 393 271 431 monachus
284 408 316 432 nec
325 394 407 433 laudibus
421 395 518 442 extollitur,
528 408 560 433 nec
569 396 657 445 vituperio
671 398 791 445 contristatur,
800 398 821 435 ad
835 399 907 437 iniurias

173 453 270 500 patientem
284 467 302 490 sc
316 454 395 499 exhibet,
414 454 436 492 ad
454 454 581 500 contumelias,
601 464 618 492 et
635 454 730 505 opprobria
746 456 802 494 laetus
815 457 908 501 humiliter

172 521 224 549 tacet.
238 512 297 551 Neruo
311 512 375 551 fortior
388 514 476 562 patiente,
491 514 520 562 qui
533 514 584 551 novit
597 516 713 563 semetipsum
727 515 811 562 vincere,
825 527 842 554 et
855 531 907 566 quae-

171 571 214 610 libet
233 573 321 610 contraria
337 585 371 621 pro
388 573 422 610 Dei
440 586 501 611 amore
520 573 614 622 tranquilla
633 584 693 611 mente
711 574 804 613 humiliter
821 576 905 615 tolerare.

172 631 238 669 Omnis
252 642 311 669 autem
325 633 430 680 impatiens,
445 631 542 681 superbus,
555 643 572 669 et
586 645 670 683 arrogans
684 644 720 681 est,
733 636 818 683 quoniam
836 649 906 685 praece-

172 703 242 742 ptorem
259 693 365 730 humilitatis
384 693 442 731 lesum
457 706 492 731 raon
505 694 594 743 sequitur,
608 704 625 731 et
639 695 705 732 idcirco
719 695 741 732 ad
754 695 808 733 iustas
825 697 906 747 increpa-

172 753 236 799 tiones,
250 753 293 802 quas
306 754 378 800 metuit,
391 753 499 802 indignatur.
513 753 672 798 Quemadmodum
685 753 747 791 fornax
760 754 823 804 probat
835 769 905 804 aurum,

172 814 196 850 ita
210 814 339 859 contumeliae,
357 822 375 850 et
392 813 466 850 iniuriae
484 811 558 862 probant
575 813 693 857 monachum,
710 814 725 850 si
741 815 827 852 veraciter
844 815 905 866 diligat

172 872 270 910 Christum.
285 871 388 919 Hurnilitas,
402 881 418 908 et
432 872 516 920 patientia
529 873 547 909 in
561 872 638 909 adversis
651 884 693 909 vera
703 883 744 909 sum
753 873 830 923 insignia
842 887 905 912 mona-

171 932 255 971 chorum:
270 945 348 982 quorum
362 942 425 969 ornatu
439 932 540 981 quicunque
558 944 594 968 non
612 930 701 978 induitur,
718 931 784 970 frustra
797 933 818 970 de
832 936 905 973 nomine
924 968 926 971 .

169 992 263 1042 gloriatur.
277 992 315 1036 Qui
328 992 401 1028 humilis
415 1001 502 1037 nonest,
517 990 614 1029 monachus
631 992 718 1029 veraciter
734 1005 772 1030 esse
785 1005 822 1030 non
835 1003 903 1043 potest:

170 1061 186 1089 et
200 1052 230 1101 qui
244 1052 348 1101 patientiam
361 1064 397 1089 non
415 1051 493 1088 custodit
511 1051 529 1087 in
547 1050 634 1098 aduersis,
650 1064 702 1088 verus
716 1052 783 1090 Christi
795 1065 832 1090 non
845 1049 904 1102 potest

170 1125 208 1149 esse
223 1111 329 1160 discipulus.
344 1111 391 1147 Hinc
405 1110 491 1148 Salomon
503 1123 534 1147 ren
544 1111 562 1147 in
571 1109 615 1148 libro
625 1110 763 1148 Proverhiorum
776 1111 827 1150 dixit:
838 1112 903 1150 Melior

169 1182 195 1208 est
208 1170 276 1219 patiens
291 1171 329 1209 viro
340 1169 387 1214 forti,
397 1179 414 1206 et
424 1170 454 1219 qui
463 1169 565 1207 dominatur
574 1172 634 1206 animo
643 1183 682 1214 suo,
692 1181 814 1219 expugnatore
825 1170 902 1210 urbium.

168 1231 254 1268 Doctrina
269 1230 316 1267 enim
329 1230 363 1266 viri
376 1241 407 1278 per
420 1229 524 1278 patientiam
538 1229 655 1277 dignoscitur,
666 1239 682 1266 et
695 1230 752 1278 gloria
761 1232 798 1268 eius
808 1241 834 1268 est
842 1231 903 1281 iniqua

167 1289 294 1338 praetergredi.
309 1290 356 1326 Vasa
369 1288 419 1338 figuli
432 1287 494 1337 probat
507 1287 574 1332 fornax,
587 1299 604 1326 et
617 1289 700 1326 homines
712 1290 770 1326 iustos
783 1291 857 1328 tentatio
871 1293 902 1328 tri·

167 1350 270 1387 bulationis.
284 1350 312 1386 Ad
326 1361 388 1386 omues
401 1348 474 1385 iniurias
488 1348 555 1396 patiens
569 1359 595 1384 est
608 1347 717 1394 monachus,
734 1350 765 1397 qui
778 1349 869 1386 Christum
884 1351 902 1387 in

166 1410 241 1447 ueritate
255 1409 344 1457 sequitur:
358 1417 375 1445 et
389 1407 419 1456 qui
432 1406 537 1443 Dominicae
555 1407 642 1455 passionis
659 1406 755 1444 meditator
768 1418 794 1445 est
807 1420 844 1446 non
857 1408 901 1446 obli·

167 1469 236 1514 vtosas,
251 1469 269 1505 in
284 1466 397 1505 contumeliis
411 1466 478 1504 exultat
488 1467 553 1510 animo,
564 1475 580 1503 et
589 1466 669 1504 laetatur.
679 1466 748 1504 Omnes
760 1468 814 1512 enim,
824 1479 844 1506 ut
852 1482 901 1514 sacer

167 1527 301 1577 Christophilus
314 1527 383 1575 inquit,
398 1527 428 1575 qui
441 1526 469 1574 pie
483 1525 546 1563 volunt
563 1525 624 1563 vivere
636 1526 655 1562 in
668 1526 740 1564 Christo
753 1527 804 1573 lesu,
818 1541 900 1578 persecu-

166 1588 234 1625 tionem
248 1587 345 1636 patientur:
357 1595 374 1623 et
383 1584 467 1635 quicquid
481 1585 505 1623 eis
519 1584 602 1622 acciderit
611 1584 658 1632 mali,
667 1598 737 1623 summa
749 1588 848 1625 constantia
860 1601 901 1636 per-

165 1646 246 1683 vincunt.
261 1646 282 1682 Et
296 1646 377 1694 quamvis
390 1644 476 1692 patientia
489 1644 578 1681 monacho
592 1645 673 1681 inomni
687 1644 740 1693 loco,
754 1656 770 1683 et
783 1656 864 1695 tempore
877 1648 900 1684 sit

164 1707 270 1750 necessaria,
284 1706 302 1742 in
317 1704 421 1755 quotidiano
435 1715 495 1741 tarnen
505 1705 586 1741 examine
597 1704 686 1755 culparum
696 1706 790 1755 praecipua
803 1717 830 1744 est
842 1708 900 1745 inten-

164 1767 245 1804 tentione
260 1765 363 1814 diligentius
378 1763 499 1815 custodienda,
514 1762 544 1800 ubl
558 1763 579 1800 de
593 1765 704 1801 correctione
717 1778 791 1802 morum·
801 1767 869 1816 agitur,
883 1777 900 1804 et

164 1825 249 1876 quicquid
262 1825 316 1862 fuerit
334 1834 395 1862 contra
412 1837 494 1861 normam
512 1825 621 1861 monasticae
639 1826 720 1874 puritatis
738 1827 856 1863 commissum
862 1855 868 1872 ,
882 1827 900 1863 in
928 1847 931 1853 ν

164 1898 274 1935 unoquoque
287 1897 319 1933 per
331 1885 421 1921 seniorem
438 1883 549 1921 emendatur.
562 1884 620 1931 Prius
635 1897 687 1934 ergo,
703 1898 765 1934 quarnv
774 1885 822 1923 hunc
838 1885 898 1923 locum

163 1944 291 1995 ingrediamur,
305 1956 357 1981 mnne
372 1943 465 1993 cogitanda
479 1954 521 1980 sunt
533 1944 598 1988 omnia,
609 1953 626 1980 et
635 1945 704 1981 animus
717 1942 801 1981 adversus
815 1957 840 1991 ea,
854 1958 898 1994 quae

163 2014 239 2052 possunt
252 2003 334 2049 evenire,
349 2001 445 2039 firmandus
459 2013 496 2048 est,
511 2012 538 2049 ut,
552 2003 566 2039 si
580 2001 641 2039 durior
654 2002 728 2039 forsitan
746 2003 844 2052 increpatio
858 2017 897 2041 eve-

163 2065 217 2110 nerit,
231 2073 311 2100 mentem
325 2075 334 2098 a
347 2073 394 2099 statu
407 2063 540 2112 tranquillitatis
558 2075 594 2100 non
612 2061 707 2099 subvertat.
724 2062 781 2110 Nam,
795 2072 812 2100 et
825 2064 840 2100 si
853 2064 897 2101 nulli

162 2134 244 2161 vestrum
259 2121 386 2160 contumeliam
400 2122 469 2165 inferre,
479 2123 515 2159 sive
524 2122 608 2159 iniuriam
617 2120 675 2159 facere
683 2122 798 2159 statuerimus
811 2135 896 2172 unquam,

162 2183 201 2220 fieri
214 2195 267 2232 posse
281 2195 317 2219 non
331 2195 423 2231 negamus,
437 2191 456 2218 ut
470 2182 515 2218 ultra
528 2181 635 2219 demeritum
649 2195 667 2218 se
680 2191 782 2230 correptum
798 2182 895 2229 existimet,

163 2243 244 2293 quisquis
258 2252 350 2291 paternam
363 2243 381 2278 in
394 2241 445 2278 nobis
460 2241 591 2289 correptionem
607 2239 665 2278 uerbis
683 2242 750 2290 potius,
766 2255 820 2291 quam
835 2243 896 2280 animo

161 2312 230 2352 pensat.
245 2303 328 2340 Vestram
343 2301 424 2344 salutern,
438 2301 484 2337 sicut
497 2300 546 2336 Deus
559 2300 614 2344 novit,
626 2300 644 2336 in
658 2299 747 2346 omnibus,
760 2310 778 2337 et
790 2300 834 2338 nihil
848 2301 895 2338 allud

162 2364 275 2413 quaerimus:
288 2372 380 2410 amputare
389 2362 432 2398 vitia
442 2360 525 2398 radicitus
534 2363 583 2398 iusta
592 2360 683 2408 religionis
692 2370 752 2397 nostra
763 2362 851 2408 instituta,
859 2374 896 2399 non

160 2423 230 2460 laedere
244 2434 346 2471 quenquam
360 2422 427 2458 sincere
441 2422 546 2469 cogitamus.
557 2421 598 2457 Non
610 2433 705 2469 possumus
719 2421 802 2458 omnibus
816 2421 895 2471 compla-

161 2495 200 2519 cere
214 2482 232 2517 in
246 2479 339 2526 omnibus,
353 2480 384 2517 sed
400 2479 435 2516 illis
454 2479 547 2528 displicere
564 2480 641 2517 unanime
658 2479 793 2528 compellimur,
810 2482 840 2531 qui
853 2494 894 2529 pec-

160 2551 220 2578 cantes
234 2541 253 2577 in
266 2552 358 2583 canonem,
368 2539 448 2588 quotidie
461 2539 586 2588 impunitatem
599 2538 632 2575 sibi
645 2539 733 2576 scelerum
746 2541 862 2588 pollicentur:
873 2542 894 2579 de

160 2601 223 2650 quihus
236 2613 267 2638 ren
280 2599 366 2637 Salomon
379 2599 433 2637 dixit:
446 2599 533 2636 Doctrina
546 2598 591 2636 mala
608 2599 726 2637 deserentium
743 2600 791 2637 viam
804 2602 862 2647 vitae,
877 2610 894 2638 et

160 2660 190 2709 qui
205 2660 242 2697 odit
256 2660 391 2709 increpationes,
401 2659 494 2696 morietur.
507 2658 550 2696 Non
563 2669 609 2696 amat
622 2659 705 2707 pestilens
719 2672 767 2707 eum,
780 2661 810 2710 qui
824 2674 842 2697 se
856 2674 894 2698 cor-

160 2719 208 2768 ripit,
222 2732 255 2757 nec
268 2719 290 2756 ad
304 2719 391 2768 sapientes
405 2718 490 2767 graditur.
504 2718 542 2762 Qui
554 2718 600 2756 male
613 2729 701 2767 operatur,
711 2733 733 2757 ex
742 2721 834 2771 proposito
848 2720 893 2770 fugit
