1968 3023
367 195 444 233 Humilia
458 191 513 230 XVll.
774 201 806 237 119

72 280 87 317 si
100 290 189 329 pugnator
203 278 261 323 fuerit,
270 290 288 317 et
298 277 409 316 adversarius
423 277 514 315 uitiorum.
527 275 570 313 Non
583 274 630 311 enim
644 275 704 311 minus
718 273 805 311 luxuriam

72 340 127 377 nutrit
142 353 226 383 somnus,
240 352 293 388 quam
307 338 365 385 cibus,
379 349 397 376 et
410 349 472 387 potus.
491 337 542 374 Alius
556 334 627 385 quidam
645 343 747 371 sanctorum
762 333 805 371 duas

73 399 94 436 ad
107 398 233 436 dormiendum
242 399 300 443 horas,
309 400 337 436 vel
346 408 382 436 tres
392 397 483 435 monacho
492 397 563 434 volebat
572 394 658 438 sufficere,
669 404 689 431 ut
702 393 805 442 parcitatem

72 456 152 495 ciborum
169 458 233 507 quietis
247 458 300 496 etiam
314 460 432 508 temperantia
450 455 590 495 commendaret.
610 454 727 492 Recentiores
745 462 805 489 autem

72 516 138 554 ordinis
152 517 209 555 nostri
221 517 353 564 reformatores,
364 518 394 568 qui
404 517 456 556 nobis
467 516 500 554 sub
510 516 582 554 nomine
595 514 667 551 unionis
677 512 698 549 de
707 510 805 548 Bursfelclia

72 588 102 624 pet
111 576 227 614 Germaniam
235 577 307 614 vivendi
319 576 393 615 modum
403 577 424 614 ad
438 577 535 626 puritatem
548 574 619 624 regulae
632 571 749 615 tradiderunt,
764 583 805 608 con-

71 635 168 673 siderantes
183 636 304 674 infirmitatem
319 637 407 674 humanae
423 636 531 674 conditionis
544 634 646 684 vigiliarum
663 633 752 670 rationem
766 643 805 667 mo·

72 695 171 732 destissime
181 694 290 734 ordinarunt.
304 697 388 746 Quinque
397 697 464 734 etenim
474 696 559 733 horarum
568 694 648 744 spacium
658 703 698 730 ante
708 701 805 729 nocturnas

71 755 131 792 laudes
140 755 233 793 monachis
243 756 260 792 in
270 766 357 793 conventu
371 756 511 794 misericorditer
524 755 641 797 indulserunt,
652 764 669 791 et
684 753 766 798 duarum,
774 752 803 787 vel

71 814 170 851 semitrium
191 823 231 863 post
251 815 346 852 matutinas
366 814 472 852 dormitioni
489 815 571 851 similiter
587 812 700 850 addiderunt.
719 812 753 849 Cui
769 812 804 848 hoc

71 884 149 921 tempus,
159 872 242 910 videlicet
255 884 323 922 septem
336 874 427 919 horarum,
440 874 461 911 ad
475 872 602 923 quiescendum
615 885 652 909 non
665 871 737 916 sufficit,
751 871 804 907 nimis

71 946 89 969 se
103 934 180 982 pigrum,
192 942 210 969 et
223 932 321 970 acidiosum
335 933 444 970 monachum
458 933 542 970 ostendit.
556 931 607 969 Unde
621 944 716 969 monemur
729 930 803 980 vigilare

71 1004 107 1029 non
120 991 180 1030 solum
193 1002 258 1036 mente,
272 992 303 1030 secl
317 993 369 1029 etiam
383 1005 465 1041 corpore,
479 992 562 1042 quoniam
578 1004 674 1028 corsuum
688 990 718 1026 vix
732 991 750 1026 in
763 1002 804 1026 vera

71 1052 147 1101 puritate
163 1064 270 1089 conservare
285 1052 360 1098 sufficit,
375 1053 405 1102 qui
422 1051 537 1100 corporaliter
549 1052 567 1087 in
580 1051 614 1088 Dei
627 1051 702 1099 vigilare
716 1049 803 1099 obsequio

72 1112 177 1149 coutemnit.
196 1111 296 1161 Vigilemus
310 1113 373 1161 igitur,
388 1111 500 1149 dilectissimi
518 1111 591 1157 fratres,
606 1112 684 1148 maxime
697 1110 725 1146 his
739 1110 804 1146 sanctis

71 1170 216 1221 quadragesimae
229 1170 299 1216 diebus,
313 1171 408 1220 inquibus
422 1172 470 1208 vitiis
484 1170 550 1208 bellurn
563 1170 666 1216 indiximus,
680 1179 698 1207 et
711 1169 804 1218 antiquum

31 1277 33 1279 .
70 1229 142 1267 hostem
161 1229 251 1267 diabolum
265 1231 343 1275 vincere,
358 1241 375 1267 et
391 1243 475 1279 superare
490 1230 559 1267 fortiter
572 1230 627 1279 parati
641 1242 709 1269 sumus.
723 1228 804 1266 Audistis

71 1290 118 1326 enim
132 1299 214 1326 sanctum
224 1289 354 1338 Apostolorum
367 1290 469 1338 Principem
478 1289 506 1326 his
515 1287 574 1326 verbis
587 1289 721 1326 admonentem:
735 1287 804 1324 Fratres

70 1348 124 1386 sobrii
137 1358 202 1394 estote,
213 1359 230 1385 et
238 1348 316 1398 vigilate.
331 1349 392 1392 Quare
405 1349 440 1386 hoc
454 1350 537 1386 monuit?
551 1348 603 1393 Quia,
612 1348 678 1397 inquit,
693 1347 803 1385 adversarius

70 1417 128 1445 vester
141 1407 222 1445 diabolus
238 1418 322 1458 tanquam
336 1408 450 1457 leorugiens
467 1408 528 1445 circuit
541 1419 637 1457 quaerens,
651 1419 707 1456 quem
720 1407 803 1452 devoret,

71 1468 99 1504 cui
108 1469 185 1505 resistite
195 1467 251 1505 fortes
260 1468 278 1504 in
286 1467 327 1505 fide.
340 1468 408 1517 ltaque,
418 1468 481 1505 fratres
491 1468 533 1514 mei,
542 1467 643 1516 vigilemus,
653 1466 731 1515 quandiu
742 1479 803 1503 sumus

70 1528 87 1564 in
96 1525 143 1564 bello
153 1527 251 1571 constituti,
260 1541 282 1564 ne
292 1527 360 1576 quando
375 1527 496 1565 somnolentia
509 1527 594 1577 depressi,
604 1526 633 1563 vel
647 1528 695 1572 ocio,
708 1526 729 1563 ab
743 1526 803 1573 adver-

70 1587 117 1623 sario
130 1586 192 1624 salutis
205 1596 277 1624 nostrae
290 1600 400 1636 superemur.
414 1578 499 1631 Quandiu
513 1588 560 1624 enim
574 1588 591 1624 in
605 1599 657 1639 carne
671 1587 761 1632 vivimus,
774 1599 803 1623 ne-

70 1659 118 1683 cesse
131 1655 165 1692 est,
175 1656 195 1683 ut
205 1645 303 1695 vigilantia,
313 1657 330 1683 et
339 1647 455 1697 castigatione
469 1648 548 1695 corporis
562 1647 618 1684 nostri
632 1655 694 1683 contra
708 1646 802 1683 inimicum

70 1704 141 1743 fortiter
156 1718 263 1755 pugnemus.
281 1706 322 1743 Non
335 1705 422 1743 deterreat
435 1718 468 1743 vos
482 1705 531 1743 labor
544 1706 644 1743 certaminis
649 1720 654 1752 3
670 1706 756 1755 quoniam
770 1705 802 1742 etsi

70 1764 181 1801 adversarius
194 1775 256 1801 noster
269 1766 291 1802 sit
304 1765 426 1814 importunus,
440 1779 497 1815 usque
510 1765 554 1803 adeo
566 1775 626 1807 tamen
639 1765 727 1809 infirmus,
742 1775 759 1801 et
773 1766 802 1802 de-

70 1822 109 1861 bilis
126 1833 162 1870 est,
175 1835 195 1862 ut
212 1825 303 1862 neminem
318 1826 375 1875 possit
394 1838 490 1874 superare,
506 1826 540 1863 nisi
553 1826 655 1872 volentem,
671 1836 688 1862 et
704 1838 756 1870 eum,
773 1825 803 1875 qui

71 1896 143 1921 ortaitem
157 1883 258 1921 custodiam
271 1884 299 1921 sui
311 1884 381 1933 penitus
394 1884 464 1921 abiecit.
480 1885 569 1922 Dominus
583 1894 642 1922 autem
656 1885 706 1921 lesus
720 1884 802 1922 Christus

70 1943 145 1990 adiutor,
159 1953 177 1979 et
190 1952 282 1992 protector
294 1953 361 1990 noster,
375 1952 401 1981 est
415 1942 475 1981 fortis:
489 1944 519 1993 qui
531 1944 616 1981 uirtutem
629 1953 707 1993 praestat
721 1943 802 1980 alacriter

70 2001 204 2046 dimicantibus,
218 2013 236 2040 et
249 2003 325 2041 uictores
341 2002 486 2048 immarcescibili
502 2016 567 2041 corona
583 2016 623 2040 cum
637 2002 722 2041 omnibus
737 2004 802 2040 sanctis

70 2063 107 2099 suis
120 2061 193 2099 donabit
207 2062 225 2099 iu
239 2062 297 2099 caelis.
313 2062 473 2107 Quemadmodum
486 2063 544 2111 puluis
557 2077 567 2100 a
579 2073 633 2101 vento
647 2063 764 2112 dispergitur,
778 2063 803 2100 sic

70 2122 179 2159 aduersarius
197 2131 259 2159 noster
278 2121 357 2159 diabolus
379 2137 388 2160 a
407 2135 453 2160 voce
472 2122 585 2172 psallentium
603 2136 643 2160 cum
662 2122 727 2160 humili
748 2122 801 2159 devo-

70 2181 118 2217 tione
131 2179 249 2224 confusus,et
258 2180 328 2217 territus
342 2181 436 2230 effugatur.
450 2181 511 2218 Nemo
524 2182 577 2231 igitur
590 2192 676 2226 vestrum,
691 2181 801 2219 dilectissimi

70 2239 142 2285 fratres,
156 2238 268 2288 negligenter
281 2250 330 2289 agat;
343 2254 397 2278 nemo
411 2242 429 2278 in
445 2251 526 2290 tempore
544 2242 628 2278 orati0nis
642 2241 713 2290 pigritia
726 2242 801 2287 mentis,

70 2311 86 2336 et
99 2299 219 2336 somnolentia
233 2310 328 2348 torpescat;
342 2313 397 2337 nemo
411 2300 478 2337 diaboli
491 2302 641 2338 concertationem
656 2300 758 2338 inordinato
771 2314 801 2350 pa-

69 2370 111 2395 vore
129 2359 196 2396 timeat.
210 2358 259 2395 State
274 2359 346 2396 viriliter
364 2373 397 2408 pro
414 2360 471 2396 salute
486 2361 584 2397 animarum
599 2371 700 2398 vestratum
713 2370 800 2409 perpetuo

70 2409 131 2455 eontra
146 2418 239 2455 infirmum
256 2419 375 2457 adversarium
393 2429 502 2469 pugnantes:
516 2430 534 2457 et
548 2434 584 2457 uon
600 2422 658 2457 minus
675 2433 745 2458 carnem
760 2433 800 2470 pro-

69 2478 134 2527 priam,
148 2490 201 2526 quam
216 2478 311 2516 daemones
328 2478 389 2516 habete
409 2489 516 2527 suspectam.
536 2479 587 2516 Scitis
601 2481 659 2525 enim,
674 2488 750 2516 testante
764 2492 800 2517 uon

69 2536 127 2573 solum
141 2537 236 2585 scriptura,
247 2550 309 2574 verum
319 2539 372 2575 etiam
381 2538 434 2587 longa
448 2540 557 2587 experientia
571 2539 651 2582 docente,
661 2540 747 2588 quoniam
760 2552 800 2577 cato

70 2596 179 2644 concupiscit
192 2595 277 2633 adversus
290 2598 382 2646 spiritum:
396 2607 413 2633 et
427 2596 467 2634 ideo
481 2598 586 2643 monachus,
602 2599 631 2647 qui
645 2600 729 2648 propriae
744 2601 801 2636 carnis

69 2655 166 2705 petulantia
182 2668 219 2692 uon
236 2655 320 2702 laeditur,
334 2669 374 2694 raro
388 2657 406 2694 in
420 2658 516 2695 certamine
535 2671 545 2695 a
564 2657 681 2696 daemonibus
701 2669 800 2709 superatur.

70 2713 135 2763 Spiritu
148 2714 203 2763 igitur
217 2713 311 2761 ambulate,
321 2725 337 2752 et
347 2716 403 2753 carnis
414 2715 502 2753 desideria
510 2730 546 2754 non
555 2716 656 2765 perficietis.
670 2718 708 2761 Qui
718 2718 799 2766 uigilans,

857 821 911 855 Septem

824 855 839 882 ad
844 864 911 882 summum

824 891 862 919 horas
872 891 912 917 etiam

827 926 908 952 monacho

824 960 892 992 dormisse,
899 970 911 986 a·

824 995 867 1021 bunde
877 1002 901 1021 est.

821 2724 863 2751 Galat.
874 2733 884 2759 5.
