1968 3023
378 207 454 255 Humilia
468 208 519 246 XIII.
793 210 815 256 89

82 286 136 323 totius
150 287 212 325 mundi
226 294 318 337 peccatum
332 288 348 323 in
362 277 391 323 ata
407 287 463 323 crucis
482 287 564 335 expiavit.
582 287 656 325 Utinam
675 289 744 325 sciretis
762 301 815 338 quam

82 346 105 382 sit
118 346 178 384 efficax
191 347 261 384 animae
273 347 349 395 peccatis
363 346 450 384 sauciatae
463 346 562 393 medicina,
576 346 732 396 proclamationes,
746 359 763 385 et
777 360 815 385 cor-

82 407 172 455 reptiones
186 419 226 443 cuna
240 406 303 443 lmmili
316 406 400 455 patientia
413 406 509 455 suscipere,
520 417 536 443 et
548 406 600 443 etiam
614 407 632 443 iu
646 418 762 456 augmentum
776 420 815 456 pcr-

83 464 138 515 fectap
151 466 276 504 satisfactionis
290 466 368 511 iniurias,
378 476 395 503 et
405 465 522 503 contumelias
536 465 664 515 aequanimiter
673 465 760 503 tolerare?
773 466 816 504 Cer-

83 536 111 563 tus
124 539 174 573 sum,
187 525 235 577 quod
248 527 308 564 omnia
320 525 447 565 satisfactionis
465 539 532 574 genera
548 525 611 575 procul
627 526 696 563 excedit
712 526 785 564 humilis
799 527 816 564 in

83 586 188 625 aduersitate
201 587 295 636 patientia:
309 598 326 623 et
340 595 406 635 quanto
419 598 470 623 meus
483 586 505 623 ad
518 585 619 623 tolerandas
632 599 665 635 pro
675 583 742 624 Christi
756 599 818 624 amore

83 646 207 694 contumelias,
216 656 233 683 et
242 646 314 684 iniurIas
323 647 423 695 promptior
433 645 492 690 fuerit,
499 655 550 683 tanto
559 645 634 693 facilius,
645 656 663 683 et
672 646 725 683 citius
734 647 817 684 omnium

83 716 197 755 peccatorum
210 719 284 744 snorum
298 707 375 753 veniam,
386 716 403 744 et
412 706 513 755 pleniorem
523 705 653 756 indulgentiam
662 720 672 744 a
681 707 762 745 DonaIuo
776 720 818 745 con-

84 776 173 814 sequetur.
185 766 243 803 Locus
257 766 304 803 enim
317 767 357 811 iste,
371 766 390 802 in
403 779 439 814 quo
452 779 499 803 nunc
512 765 611 815 loquimur,
625 767 743 816 purgationis,
758 777 775 805 et
788 781 818 804 ex-

83 820 166 873 piationis
180 826 295 875 ergasterium
305 835 338 871 est,
348 826 365 861 in
376 838 411 874 quo
420 825 468 862 zelus
480 826 584 874 disciplinae
597 827 684 876 regularis
697 828 820 877 principatum

83 883 157 932 obtinet,
170 885 253 923 discretio
267 885 344 921 exarniui
357 884 451 933 praesidet,
465 885 540 921 charitas
554 887 615 922 omnia
627 885 693 935 dirigit,
703 898 720 923 et
734 887 817 936 complet.

84 943 136 981 Unde
145 945 162 982 in
172 944 206 982 hoc
216 946 255 993 ipso
264 944 305 981 loco
314 943 398 992 patientia
411 942 461 980 vobis
475 943 553 980 multum
567 954 594 981 est
603 946 709 991 necessaria,
720 946 758 982 sine
769 947 818 983 cuius

84 1004 183 1053 praesentia
195 1003 243 1041 nulla
256 1004 289 1040 erit
301 1002 397 1048 satisfactio
410 1013 540 1040 consummata.
550 1003 587 1047 Qui
597 1005 658 1041 salutis
672 1017 714 1041 suae
727 1004 818 1043 studiosus

84 1073 153 1101 amator
166 1073 192 1100 est
205 1062 312 1108 monachus,
326 1061 372 1099 hunc
386 1061 446 1098 locum
460 1071 479 1098 ut
493 1061 584 1099 officinam
597 1063 703 1112 expiationis
721 1063 788 1113 diligit,
802 1075 819 1101 et

84 1136 175 1172 nunquam
188 1123 247 1170 seipso
260 1134 296 1159 non
310 1122 373 1158 mellot
387 1120 443 1157 factus
453 1120 494 1158 inde
503 1121 592 1169 procedit.
602 1122 661 1160 Locus
671 1124 719 1161 enim
733 1124 766 1162 iste
780 1124 819 1162 dae-

84 1179 167 1219 monibus
184 1179 290 1217 metuendus
308 1188 344 1224 est,
361 1187 413 1227 atque
431 1176 524 1224 terribilis,
540 1179 606 1215 sanctis
623 1188 683 1217 autem
701 1180 735 1217 Dei
752 1182 820 1232 angelis

85 1240 163 1286 clrarus‚-
173 1249 190 1276 et
204 1238 280 1276 multum
294 1237 414 1283 venerandus,
430 1238 447 1274 in
461 1250 498 1286 quo
512 1237 610 1275 humilium
624 1239 754 1278 monachorum
768 1242 819 1292 culpa

85 1299 163 1343 diluitur,
174 1308 191 1335 et
201 1297 284 1347 quicquid
293 1297 311 1333 in
320 1307 383 1346 aperto
393 1295 508 1345 delinquitur,
519 1297 572 1334 etiarn
583 1296 652 1347 publice
662 1311 723 1336 coram
737 1301 820 1339 erunibus

85 1360 173 1407 expiatur.
187 1358 205 1395 Si
219 1356 262 1407 qnid
275 1369 318 1394 vero
331 1356 401 1393 latentis
415 1356 476 1405 culpae
490 1370 500 1393 a
511 1370 602 1406 quoquam
611 1367 693 1395 vestrum
703 1361 819 1399 commissum

85 1417 150 1465 fuerit,
168 1417 237 1455 occulta
255 1416 338 1453 similiter
355 1414 443 1453 confessio
462 1416 569 1465 poenitentis
589 1417 702 1466 expurgabit.
720 1418 820 1470 Utrobique

84 1490 127 1526 pura
142 1477 231 1518 confessio
245 1489 286 1513 cum
299 1474 399 1513 humilitate
413 1477 520 1525 requiritur,
535 1485 602 1513 ettam
618 1477 656 1524 hic,
670 1491 724 1527 quam
739 1478 776 1517 illic
791 1494 820 1530 pa-

85 1536 146 1574 tientia
159 1535 210 1586 uobis
223 1535 321 1573 necessaria
334 1534 428 1571 iudicatur.
442 1534 529 1584 Quisquis
539 1536 594 1583 igitur
607 1536 707 1574 monachus
719 1539 768 1587 cupis
782 1552 821 1576 esse

85 1594 153 1642 bonus,
166 1596 183 1633 in
198 1596 249 1632 omni
261 1594 345 1643 patientia
358 1606 442 1642 praepara
455 1595 533 1631 animam
547 1605 608 1641 tuam,
623 1605 643 1632 ut
656 1606 691 1633 tam
706 1597 723 1635 in
737 1589 821 1646 adversis,

86 1669 139 1705 quam
153 1656 171 1692 in
184 1655 273 1704 prosperis
288 1654 450 1691 constantissimam
463 1663 524 1691 teneas
536 1655 600 1691 ruentis
610 1656 763 1705 tranquillitatem.
774 1659 821 1696 Cum

70 1751 72 1754 .
86 1728 119 1763 pro
133 1714 246 1764 negligentiis
260 1714 294 1751 tuis
308 1712 328 1749 ab
342 1712 401 1761 aliquo
418 1712 511 1750 confratrev
523 1713 644 1762 proclamatus
657 1715 719 1763 fueris,
734 1718 822 1766 patienter

86 1775 132 1813 feras
146 1774 250 1812 cumomni
263 1773 369 1817 bumilitate,
378 1772 454 1810 fideliter
466 1772 552 1810 inducens
566 1773 587 1810 acl
601 1776 715 1822 memoriam,
728 1790 782 1825 quam
796 1779 822 1814 in-

87 1844 173 1873 nocenter
185 1833 219 1870 Dei
232 1846 264 1881 pro
278 1842 295 1868 te
308 1832 355 1869 filius
368 1832 421 1869 fuerit
430 1842 529 1869 accusatus.
539 1833 586 1869 Nam
596 1833 610 1869 si
620 1846 683 1882 passus
697 1845 724 1871 est
737 1834 767 1873 ille
780 1850 822 1875 con-

86 1893 168 1941 tumelias
186 1893 253 1936 iustusy
267 1902 284 1928 et
297 1892 393 1938 innocens,
407 1892 437 1940 qui
451 1897 545 1940 peccatum
560 1905 597 1929 non
614 1893 666 1938 fecit,
684 1907 738 1944 quare
753 1905 773 1932 tu
786 1908 822 1934 non

86 1952 132 1990 feras
146 1953 232 2002 patienter
245 1951 374 2000 increpationes
387 1962 397 1987 a
410 1951 487 1997 seniore,
497 1951 527 1999 qui
537 1951 555 1988 in
564 1951 625 1988 nutltis
639 1954 719 2001 quotidie
734 1954 821 1994 offendis?

87 2013 191 2051 Innumeras
204 2013 233 2050 ille
246 2025 278 2061 pro
292 2011 348 2049 salute
358 2021 387 2048 tua
396 2011 525 2060 patientissime
538 2013 623 2049 sustinuit
632 2014 712 2060 iniurias,
727 2026 744 2052 et
757 2026 776 2052 tu
789 2028 822 2064 pro

87 2074 122 2111 tuis
136 2074 211 2122 peccatis
221 2085 252 2110 cur
261 2085 297 2109 non
306 2071 379 2108 sufferas
392 2070 489 2117 humiliter,
498 2072 629 2121 patienterque,
640 2072 703 2110 breues
713 2084 730 2111 et
738 2075 822 2123 pauculas

85 2133 231 2171 adnmnitiones?
243 2132 296 2170 Natu.
303 2132 317 2168 si
330 2132 375 2168 inste
384 2130 499 2180 proclamaris
509 2131 527 2167 in
536 2130 603 2169 iudicio
613 2132 711 2181 culparum,
720 2135 822 2171 necessario

87 2206 106 2229 es
120 2193 196 2242 patiens,
211 2193 303 2242 quoniam,
317 2190 365 2240 quod
378 2190 462 2235 sustines,
475 2191 513 2238 ipse
526 2191 615 2237 meruisti,
631 2202 648 2228 et
661 2191 778 2240 imputabitur
791 2192 823 2231 tibi

88 2252 161 2289 humilis
174 2252 316 2301 increpationum
332 2250 425 2287 tolerantia
438 2251 456 2286 in
470 2250 610 2287 satisfactionem
628 2261 750 2299 peccatorum.
768 2253 823 2297 Quod

87 2313 102 2349 si
115 2325 158 2349 non·
165 2312 246 2349 meruisti
260 2310 419 2360 proclamationem
433 2310 451 2345 in
463 2309 536 2355 iudicia),
546 2309 634 2346 sustineas
643 2319 704 2347 tamen
714 2323 746 2359 pro
757 2311 823 2349 Christi

88 2384 149 2409 amore
167 2371 263 2419 patienter:
278 2383 325 2407 uani.
336 2381 372 2406 non
389 2368 447 2410 solnm
465 2367 577 2417 reputabitur
595 2367 626 2404 tibi
643 2370 664 2406 ad
682 2368 823 2408 satisfactionem

88 2430 234 2480 praecedentium
247 2440 368 2478 peccatorum,
379 2429 409 2464 sed
422 2427 480 2464 nntlto
494 2427 571 2475 amplius
585 2428 606 2465 ad
620 2427 773 2467 iustificationem.
783 2429 823 2467 Sive

88 2504 130 2540 ergo
144 2491 190 2528 iuste
202 2490 322 2539 proclamatur
330 2488 435 2534 monachus
447 2489 484 2525 siue
495 2489 565 2532 iniuste,
575 2501 646 2525 causam
657 2488 755 2527 nonhabet
768 2490 824 2528 iustae

88 2550 203 2597 defensionis,
216 2550 301 2599 quoniam
314 2549 329 2585 si
342 2548 421 2597 deliquit,
435 2549 501 2585 merito
515 2561 548 2585 suo
561 2548 636 2596 patitur:
651 2550 721 2586 sivero
735 2559 762 2587 est
774 2551 824 2587 inno-

81 2601 137 2654 cens
150 2610 207 2659 nangis
221 2610 242 2646 ad
255 2610 357 2659 patientiam
374 2607 468 2657 obligatur.
482 2608 542 2645 Neruo
557 2609 604 2645 euim
617 2608 652 2644 nisi
666 2611 747 2658 patiens,
762 2619 779 2647 et
791 2610 824 2646 ltu-

89 2670 137 2707 milis
150 2670 242 2707 Christum
255 2669 322 2718 poterit
335 2669 411 2705 imitari:
425 2668 456 2705 sed
469 2681 511 2704 curu
520 2666 619 2705 monachus
629 2668 697 2705 Christi
708 2669 787 2707 maxime
800 2680 824 2707 te·

88 2741 152 2768 neatur
165 2743 204 2767 esse
218 2728 326 2779 discipulus,
341 2728 461 2775 etimitator,
476 2729 554 2766 maxime
571 2727 622 2765 illum
641 2729 725 2766 convenit
741 2741 780 2767 esse
795 2742 825 2780 pa-

848 2446 931 2473 Multumno·

843 2481 863 2507 br's
873 2480 932 2515 prodest,

844 2516 854 2541 si
864 2516 931 2542 Christum

844 2550 932 2582 amamus-si·

844 2595 859 2612 ve
864 2586 898 2612 iuste
903 2585 932 2611 siue

844 2622 891 2648 iniuste
905 2621 932 2647 ue-

844 2657 879 2685 fetri.
