1968 3023
8 374 9 377 ’
39 376 112 402 Arsexcn-

22 411 57 438 soria
71 410 111 437 libro·

23 455 63 477 rum,
75 446 111 471 Mo-

22 481 75 516 guntiae
91 480 111 506 iu-

22 521 112 550 venterque

23 551 108 577 dunarum.

42 971 116 998 Monachus

27 1015 51 1032 ceu
68 1006 116 1032 animal

30 1041 113 1073 Mundum,

26 1076 118 1116 senaperquid

27 1119 70 1145 pram
81 1119 117 1137 san-

28 1151 64 1171 trum
77 1146 116 1172 rumi-

27 1186 54 1207 net.

61 1393 96 1419 Psal.
106 1401 117 1419 r.

47 1506 96 1534 Eccles.
106 1516 118 1534 2.

45 1631 80 1658 Psal.
90 1632 118 1657 nu.

130 172 154 218 46
338 172 365 209 Da
378 172 432 210 labara
445 172 566 211 Marratbarma
579 173 661 212 manuali.

130 248 166 285 riae
178 248 219 285 artis
232 249 300 286 nostris
313 248 376 287 diebus
388 263 444 300 nuper
456 250 478 288 ad
490 251 605 301 Mogurrtiarn
618 251 701 290 inventae
713 251 770 289 inulta
782 251 863 302 quotidie

131 306 222 346 volumina
235 309 318 357 producit
331 311 349 347 in
362 310 427 356 lucem,
440 310 470 347 sed
483 315 588 359 comparare
605 311 657 349 nobis
675 312 734 349 onmia
751 324 863 362 nequaquam

132 377 158 403 est
171 367 259 416 possibile,
274 370 305 418 qui
318 369 376 407 adhuc
388 370 465 407 anamma
482 371 600 419 deprimimur
617 381 700 421 egestate.
714 372 756 416 Quo
773 372 818 410 circa
832 384 864 409 vos

132 438 204 472 moneo,
219 437 235 463 et
249 427 320 474 hortor,
334 429 364 478 qui
377 427 398 465 ad
412 438 492 465 externos
506 441 593 466 manuum
602 427 672 466 labores
685 441 720 466 non
734 430 776 466 satis
789 428 866 467 libenter

133 486 231 530 occurritis,
245 496 333 536 quatenus
347 487 369 524 ad
381 487 468 524 honorem
481 487 515 524 Dei
528 486 627 525 scribendis
637 486 762 533 voluminibus,
772 501 825 537 quam
839 489 865 526 di-

133 544 208 593 ligenter
222 545 318 594 laboretis,
331 548 373 597 quia
386 547 430 585 sicut
448 547 530 585 ociositas
549 549 621 586 inimica
639 557 665 586 est
682 549 755 593 animae,
772 549 797 586 sic
815 548 866 586 labor

133 605 234 643 moderatus
248 607 345 656 spiritualis
357 617 469 644 conservator
483 617 509 644 est
522 608 575 645 vitae.
584 607 686 645 Monachus
696 609 749 653 enim,
759 607 800 657 quia
813 607 865 645 miles

133 674 160 702 est
173 666 218 715 regis
232 667 305 712 aeterni,
319 680 410 716 nunquam
423 665 474 704 debet
487 680 525 704 esse
538 667 616 705 ociosus.
626 667 693 705 Ocium
702 680 770 716 tranque
779 666 825 715 parit
838 679 866 704 ac-

134 723 204 771 cidiam,
215 736 231 762 et
244 725 273 763 illa
286 726 385 763 introducit
398 726 466 764 animae
480 727 590 774 perniciosae
603 727 667 764 mortis
677 736 778 775 egestatem.
788 725 866 763 Labores

134 792 193 820 autent
207 784 339 822 Monachorum
353 786 377 822 ita
390 795 430 822 sunt
443 783 551 829 moderandi,
561 795 581 822 ut
594 798 685 834 nunquam
701 799 710 822 a
723 786 792 823 Divinis
803 794 867 823 vacent

134 842 227 893 colloquiis
240 843 270 881 sed
284 845 331 882 inter
344 857 397 894 opera
410 857 494 882 ruarruum
507 844 525 881 in
539 844 593 882 corde
607 841 699 882 meditatio
713 844 778 882 ferveat
791 846 867 893 scriptu-

135 915 203 941 rarum:
216 917 260 953 quae
274 913 391 954 posteaquam
404 905 421 941 in
434 903 515 942 ardorem
529 905 602 954 spiritus
615 916 694 942 mentem
708 905 815 955 perduxerit,
824 918 867 943 mou

136 963 154 999 in
171 963 269 1001 orationem
288 963 422 1001 devotissimam
439 973 565 1002 comttnnetur.
581 964 607 1002 Sit
625 978 667 1014 ergo
684 964 783 1003 Monachus
800 964 868 1002 Christi

137 1022 193 1067 miles,
207 1023 259 1060 sicuti
273 1023 338 1060 animal
347 1023 381 1060 Dei
394 1023 485 1068 mundum,
494 1024 543 1073 quod
552 1024 636 1070 ruminat,
648 1023 712 1062 liabens
721 1037 792 1073 semper
804 1024 823 1060 in
836 1036 868 1061 ore

137 1081 195 1118 cordis
208 1082 235 1118 sui
248 1092 350 1120 sanctarum
366 1082 428 1131 pabula
440 1084 573 1131 scripturarum,
587 1097 609 1121 ue
624 1084 677 1128 vanis,
691 1094 708 1120 et
721 1083 824 1132 perniciosis
838 1096 868 1119 co·

136 1140 250 1189 gitationibus
260 1154 312 1178 meus
319 1152 382 1191 puteat,
390 1152 419 1179 aut
428 1141 501 1179 verbum
511 1155 532 1180 ex
540 1156 571 1180 ore
581 1143 670 1192 loquentis
678 1154 734 1191 turpe,
740 1143 777 1179 sive
786 1143 867 1180 ociosum

137 1208 223 1249 erumpat.
232 1200 305 1238 Memor
315 1202 337 1237 sit
346 1214 416 1250 semper
425 1201 470 1238 iuter
479 1201 590 1250 operandum
600 1203 697 1250 scripturae
707 1201 789 1239 dicentis:
802 1202 868 1238 Beatus

137 1258 164 1295 vir
177 1260 207 1308 qui
224 1260 242 1296 in
255 1259 296 1309 lege
308 1260 383 1297 Domini
400 1259 513 1298 meditabitur
531 1260 565 1304 die,
579 1273 599 1297 ac
615 1270 673 1298 nocte.
687 1261 751 1298 Omnis
769 1261 824 1306 enim,
838 1261 869 1310 qui

137 1317 235 1354 Domimrm
244 1318 305 1355 lesum
318 1318 337 1355 in
350 1319 423 1356 veritate
432 1318 493 1368 diligit,
503 1317 603 1356 doctrinam
615 1319 675 1365 simul,
688 1329 704 1356 et
717 1320 817 1367 passionem
831 1320 868 1356 eius

137 1377 156 1414 in
173 1376 225 1415 corde
243 1392 277 1416 suo
295 1391 336 1415 cnm
349 1378 436 1427 'lacrymis
454 1388 470 1415 et
487 1376 598 1416 orationibus
616 1378 696 1429 quotidie
713 1378 793 1416 revolvit.
809 1379 868 1416 Verus

137 1449 213 1487 namque
226 1438 259 1475 Dei
273 1447 344 1475 atnator
356 1450 392 1475 non
405 1447 438 1484 est,
448 1439 478 1487 qui
491 1436 617 1476 mandatorum
626 1439 669 1482 eius,
679 1437 707 1475 vel
720 1438 741 1475 ad
754 1447 868 1475 momentum

138 1495 254 1536 obliviscitur.
268 1499 372 1544 Enimvero,
386 1499 432 1536 sicut
444 1499 468 1535 ait
481 1499 574 1548 scriptura,
588 1499 619 1547 qui
636 1498 711 1547 diligunt
723 1498 828 1542 Dominum,
842 1510 869 1534 re-

138 1558 216 1605 quirunt,
227 1570 272 1607 quae
285 1556 393 1607 beneplacita
406 1567 447 1595 sunt
460 1557 492 1604 illi,
502 1567 520 1594 et
533 1558 563 1607 qui
577 1557 642 1594 timent
654 1570 719 1594 nomen
730 1568 811 1594 sanctum
825 1557 869 1600 eius,

138 1617 251 1666 replebuntur
265 1617 304 1666 lege
317 1618 379 1666 ipsius.
388 1617 435 1654 Hinc
447 1617 519 1666 quidam
533 1627 636 1653 sanctorum
646 1616 689 1653 dixit
697 1616 719 1653 ad
727 1617 836 1654 Dominum:
849 1616 870 1653 ln

138 1677 191 1715 corde
203 1691 244 1715 nico
258 1676 344 1715 abscondi
357 1676 426 1726 eloquia
438 1686 475 1723 tua,
490 1685 558 1714 utnon
572 1689 644 1726 peccem
658 1675 694 1713 tibi.
706 1675 812 1714 Excitondus
826 1689 870 1726 ergo

139 1750 208 1786 semper
226 1738 303 1784 auianum
318 1746 336 1774 et
349 1737 426 1774 stimulis
443 1735 564 1786 spiritualibus
582 1735 662 1785 quotidie
677 1736 793 1783 renovandus,
806 1748 829 1773 ne
842 1735 870 1772 vel

139 1798 207 1846 ignavia
222 1806 299 1846 torpeat,
312 1796 341 1834 vel
354 1797 405 1834 inerti
419 1796 459 1833 ocio
472 1796 582 1844 languescat.
596 1794 670 1832 Laboris
679 1795 787 1833 Monasticae
800 1795 871 1832 institu-

139 1858 193 1894 tionis
206 1857 318 1902 euercitinm,
332 1855 421 1902 lectionlS,
436 1865 452 1892 et
465 1855 551 1892 orationis
568 1854 655 1901 studium,
668 1865 685 1891 et
698 1853 772 1904 diligens
790 1854 872 1891 custodia

139 1916 245 1966 vigiliarum,
258 1928 301 1953 vera
314 1923 355 1951 sunt
368 1915 481 1952 incitamenta
493 1915 587 1951 virtutum
597 1913 647 1951 Nihil
660 1924 719 1950 autem
732 1922 793 1950 sancto
807 1926 871 1962 propo-

140 1977 174 2013 sito
183 1975 267 2013 Monachi
278 1974 395 2023 perniciosius
405 1974 450 2020 ocio,
459 1974 544 2024 quoniam
558 1983 575 2010 et
585 1986 655 2010 carnem
665 1973 729 2009 excitat
742 1973 760 2009 in
773 1971 871 2019 libidinem,

140 2044 157 2073 et
173 2035 238 2072 mentis
255 2045 329 2071 omnem
348 2043 418 2070 enervat
434 2033 527 2077 virtutem,
545 2032 669 2081 extinguitque
686 2032 756 2080 spiritus
773 2031 870 2069 fervorem.

139 2094 227 2132 Omnium
240 2094 288 2131 enirn
302 2092 368 2140 fornes,
379 2103 396 2130 et
407 2093 537 2143 nutrimentum
551 2091 641 2128 malorum
654 2092 672 2128 in
685 2090 761 2128 claustro
770 2102 796 2128 est
805 2092 871 2129 ocium.

139 2153 244 2203 Ubicunque
252 2154 308 2202 igitur
317 2151 376 2196 fueris,
386 2152 424 2190 sive
436 2152 453 2188 iu
466 2165 514 2200 agro,
524 2152 562 2188 sive
575 2152 594 2188 in
607 2150 683 2188 claustro
696 2164 765 2200 semper
779 2151 840 2188 ocium
853 2160 873 2188 ut

140 2212 310 2262 perniciosissimam
324 2210 393 2248 animae
406 2220 473 2259 pestem
487 2210 551 2259 fugito,
566 2220 647 2246 mentem
660 2221 731 2255 ornans,
745 2219 762 2246 et
775 2210 873 2246 exercitans

139 2274 167 2311 vel
177 2273 264 2318 oratione,
274 2271 303 2308 vel
312 2270 428 2308 meditatione
440 2271 574 2318 scripturarum
585 2269 631 2306 Cum
645 2267 700 2313 bonis,
715 2278 731 2306 et
744 2269 829 2307 studiosis
839 2269 874 2306 Dei

140 2331 247 2370 amatoribus
266 2342 373 2368 conversare
390 2329 474 2367 libenter:
489 2329 601 2379 negligentes
618 2341 666 2373 vero,
680 2337 698 2366 et
712 2329 773 2366 salutis
790 2330 873 2378 propriae

141 2401 273 2441 contemptores
288 2390 352 2428 devita.
362 2390 398 2435 Qui
412 2390 459 2427 enim
472 2390 529 2438 picem
544 2388 639 2437 contingit,
649 2386 766 2437 inquinabitur
779 2387 800 2424 ab
814 2400 842 2425 ea:
857 2397 874 2425 et

141 2453 170 2501 qui
183 2452 251 2489 socium
266 2463 285 2488 se
298 2449 340 2487 facit
350 2458 469 2498 peccatorum,
478 2462 514 2486 non
529 2449 562 2485 erit
576 2447 662 2485 immunis
676 2461 685 2484 a
698 2446 767 2484 scelere.
777 2446 874 2484 Sermones

141 2520 181 2547 tuos
195 2509 288 2558 diligenter
298 2509 424 2554 considerant
434 2506 476 2545 nulli
486 2506 580 2544 detrahans
591 2507 671 2552 omnino,
680 2519 713 2543 nec
722 2506 776 2543 alium
785 2506 875 2543 auscultes

142 2569 273 2607 detrahentem:
287 2569 373 2618 quoniam
387 2567 473 2604 detractor
487 2566 548 2613 simul,
558 2576 575 2603 et
589 2565 645 2603 libens
658 2566 734 2612 auditor,
747 2574 821 2615 uterque
835 2564 875 2602 dae-

142 2628 191 2666 moni
204 2627 308 2673 famulator,
323 2627 366 2664 alter
383 2626 480 2676 loquendo,
494 2626 538 2663 alter
552 2639 595 2663 vero
610 2625 730 2663 auscultando.
744 2624 813 2662 Labore
830 2625 875 2662 sicut

143 2687 199 2725 bonus
212 2686 264 2725 miles
279 2686 346 2725 Christi
359 2687 409 2724 lesu:
424 2695 440 2724 et
454 2685 548 2736 diligenter
565 2698 639 2735 operare
655 2683 742 2732 inauribus,
755 2683 876 2734 quodcunque
