1968 3023
66 1526 154 1561 Glos.r6q.1.

66 1569 85 1587 cn.
95 1568 141 1588 stratur.

64 2222 94 2248 Luc.
104 2230 124 2249 11.

95 2257 151 2283 Divisio-

63 2300 86 2318 ues
97 2291 150 2318 coniura-

64 2327 102 2353 dunt
117 2327 151 2352 ordi·

63 2370 91 2388 nes.

175 132 211 166 262
368 128 394 167 De
407 136 453 168 statu
466 136 481 167 et
493 130 543 168 traina
555 129 641 169 tranando*
654 128 719 170 ordinis.

177 207 274 253 alimentO,
289 220 366 257 quorum
380 210 395 245 si
408 222 464 245 tarium
478 209 588 256 onomatis,
601 220 662 258 pastor
675 210 743 247 inutilis
757 211 797 248 eris.
811 211 858 249 Nam
871 212 909 247 sine

176 265 298 315 spiritualibus
312 266 333 304 ad
347 277 439 305 aeternam
456 268 531 305 salutem
547 268 653 317 temporalia
668 269 713 306 nihil
730 269 807 306 fiaciunt:
821 270 859 307 sine
876 283 909 308 au-

174 324 217 361 xilio
231 325 359 373 temporalium
376 326 475 375 spiritualia
491 327 509 362 in
522 327 555 363 hac
571 328 607 363 vita
624 327 654 364 diu
667 340 703 364 non
717 327 821 365 subsistunt.
835 329 853 365 Si
866 342 909 377 ergo

176 384 233 421 burrus
242 385 268 421 vis
278 397 317 422 esse
326 394 392 432 pastor,
402 386 495 434 utriusque
508 386 594 434 pastionis
605 398 672 432 ctrt'arn,
683 386 779 435 spiritualis
792 386 881 434 videlicet,
892 397 909 423 et

176 443 274 492 corporalis
288 443 320 481 tibi
333 446 406 481 noveris
416 458 454 482 esse
463 445 576 493 impositam:
589 444 649 482 Debiti
662 446 742 483 dixeram
755 445 855 483 redditione
868 459 908 495 pec-

176 511 252 540 catatua
262 503 357 541 solvenda:
371 504 427 541 Cuius
441 502 507 541 debiti?
520 503 569 541 Illius
582 504 670 552 videlicet,
684 518 720 554 quo
734 506 750 542 S,
761 505 858 543 Benedicto
867 502 907 543 cen*-

175 563 220 599 seris
234 562 334 611 obligatus3
352 563 408 607 Quod
422 574 448 600 est
461 562 513 610 illud3
527 563 546 600 ld
565 574 631 610 totum,
645 564 693 614 quod
710 564 770 601 habes.
783 564 811 601 Ab
824 578 845 601 eo
860 565 906 602 enim

175 622 236 669 babes,
245 622 294 672 quod
303 623 403 659 monachus
417 635 446 669 es;
461 621 481 659 ab
495 636 516 659 eo
531 622 579 671 quod
591 623 678 672 locuplex.
691 624 744 661 Nunc
752 624 812 673 itaque
821 625 842 670 is,
853 638 908 675 aquo

175 682 218 719 haec
232 682 292 719 onaraia
305 680 366 728 habes,
380 681 401 718 nd
414 682 487 721 ianuam
500 692 550 719 tuam
558 682 625 731 pulsat3
639 696 672 732 pro
682 683 786 720 necessitate
799 684 867 721 ordinis
880 684 908 721 sui

175 741 262 778 auxilium
276 741 365 789 postulat3
379 741 453 777 ntiraima
466 740 488 777 de
502 742 596 787 rraaximis,
610 755 655 790 quae
668 741 701 779 tibi
715 744 816 790 commisit,
829 744 908 792 recipere

175 800 269 837 desiderat.
284 801 320 837 Cur
334 800 380 837 bona
394 813 425 836 sua
438 800 463 837 illi
477 800 567 850 denegas?
581 802 618 838 Cur
631 801 663 838 tibi
677 803 751 848 credita3
766 803 807 839 dum
822 803 906 851 erigeris,

174 874 211 898 non
220 861 268 898 illico
278 862 370 910 resignas?
383 861 474 909 Scriptura
484 859 543 897 divina
551 862 660 909 praecipiens
671 860 724 898 dicit:
735 862 750 897 si
758 861 823 899 uideris
832 862 907 909 nudam,

176 922 226 969 operi
240 933 291 966 eum;
305 931 322 957 et
336 932 407 957 carnem
421 930 470 956 tumn
488 932 510 956 ne
528 919 640 968 despexeris:
654 921 700 957 Ecce
716 920 774 957 nudus
792 921 836 959 ordo
854 932 906 968 tuus;

176 993 217 1017 ecce
230 980 287 1017 lacera
301 980 365 1016 clauuu
379 979 442 1028 religio
456 989 492 1025 tua,
505 979 632 1016 eleemosinam
646 980 697 1029 petit,
710 992 762 1016 suurn
775 980 845 1029 repetit,
859 981 907 1017 auai-

175 1040 219 1076 lium
234 1041 313 1089 quaerit:
329 1040 343 1075 st
357 1039 393 1076 ulla
406 1040 424 1075 in
437 1049 455 1076 te
468 1049 509 1075 sunt
518 1041 585 1076 viscera
594 1040 671 1088 pietatis,
682 1040 697 1076 si
710 1039 745 1076 ulla
758 1040 861 1087 praecordia
870 1040 907 1077 dul-

175 1100 247 1144 cedinis,
258 1100 272 1136 si
281 1100 316 1137 ulla
330 1100 357 1136 tui
371 1099 438 1136 ordinis
452 1099 529 1143 dilectio,
543 1100 557 1135 si
571 1112 621 1136 arator
634 1100 667 1136 Dei
681 1098 733 1146 ullus,
747 1112 817 1136 carnem
827 1110 875 1136 tuam
884 1112 907 1136 ne

174 1159 270 1207 despicias,
280 1168 348 1196 tautam
358 1158 508 1195 necessitudinem
517 1156 605 1206 publicam
618 1171 640 1194 ne
654 1168 762 1195 contemnas.
775 1159 850 1195 Honora
859 1171 906 1202 eutii,

175 1219 205 1268 qui
219 1229 236 1255 te
250 1219 298 1268 prius
313 1218 418 1264 honoravit;
432 1217 453 1254 da
467 1217 492 1253 illi
505 1218 637 1268 eleemosinam,
651 1218 681 1266 qui
690 1226 707 1254 te
716 1216 828 1262 sublitnavit;
842 1217 907 1266 largire

175 1277 267 1314 rnodicum
277 1276 309 1323 illi,
316 1277 347 1326 qui
354 1286 371 1312 te
381 1277 399 1313 in
408 1276 470 1313 multis
479 1276 552 1313 divitem
562 1276 613 1312 fecit:
624 1276 786 1325 Quantumcunque
796 1277 820 1313 illi
830 1277 906 1323 dederis

175 1349 211 1374 non
224 1337 312 1373 nrinuitur
325 1334 357 1371 tibi
370 1336 476 1384 quicquam,
490 1336 506 1371 si
518 1334 583 1371 bonam
597 1345 667 1372 tantum
680 1336 734 1372 modo
748 1334 829 1372 adhibens
843 1336 916 1386 volun-⁴

176 1406 242 1433 tatem:
257 1395 349 1432 modicum
364 1394 418 1437 dabis,
429 1406 446 1430 et
456 1394 532 1430 raatrltum
546 1395 629 1442 recipies:
643 1406 713 1431 terrena
727 1395 797 1443 largiter
806 1393 878 1438 tribues,
889 1405 905 1431 et

175 1455 257 1492 caelestia
274 1453 360 1503 sperabis.
373 1455 412 1491 Nec
427 1464 444 1490 te
461 1453 514 1490 lateat
527 1454 620 1501 (quoniam
634 1464 653 1490 ut
666 1453 720 1501 vulgo
735 1454 808 1503 dicitur)
822 1454 905 1503 quicquid

175 1515 239 1552 bonori
253 1513 367 1556 subtrahitur,
377 1512 485 1561 turpitudini
498 1523 602 1549 reservatur.
612 1513 660 1549 Dicit
673 1513 720 1549 enim
731 1515 846 1550 sententiator
855 1513 905 1556 luris,

173 1574 214 1610 Hoc
227 1573 274 1610 tollit
288 1573 345 1615 fiscus¹
360 1571 408 1621 quod
422 1583 458 1608 uon
471 1572 535 1619 accipit
548 1571 635 1608 Christus.
649 1572 691 1609 Non
705 1581 751 1609 caret
761 1583 810 1609 reatu
820 1573 905 1616 criminis,

174 1634 205 1683 qui
218 1633 311 1669 avaritiam
324 1631 418 1680 praeponit
431 1630 490 1667 ordini
503 1631 579 1678 pietatis.
593 1630 627 1667 Sed
637 1631 678 1679 quid
687 1629 752 1667 frustra
764 1632 848 1667 nitimur!
865 1633 906 1669 Nou

174 1692 225 1730 babet
235 1693 295 1729 locum
305 1694 322 1729 iu
331 1691 414 1729 cordibus
423 1691 481 1740 pravis
491 1704 550 1727 sermo
560 1691 635 1739 pietatis.
646 1691 683 1735 Qui
692 1690 745 1727 verba
756 1691 790 1727 Dei
800 1692 905 1739 despiciunt,

174 1752 216 1802 quid
230 1753 303 1798 anirum,
317 1751 406 1788 sinestra
420 1750 549 1787 contemnunt?
563 1750 620 1786 Multa
629 1749 670 1786 licet
679 1749 757 1798 eloquar,
770 1750 904 1796 multadicam,
938 1772 940 1776 ·

173 1813 244 1861 egregia
257 1812 342 1849 suadeam
355 1810 414 1848 verbis
424 1810 445 1847 ad
455 1810 603 1847 contribuendum
617 1810 681 1856 ordini,
690 1810 763 1847 rebelles
776 1823 866 1859 nunquam
880 1812 905 1847 in-

173 1872 269 1909 clinavere.
283 1871 387 1917 Enimvero,
400 1871 435 1906 nisi
449 1870 546 1907 authoritas
555 1880 618 1915 uestra,
628 1870 701 1906 Domini
710 1869 837 1913 Praesidentes,
851 1871 905 1906 inter-

174 1931 238 1978 veniat,
250 1932 340 1968 monentis
354 1942 414 1967 sermo
427 1931 445 1966 in
458 1942 525 1965 vatnam
534 1928 609 1966 laborat:
623 1929 651 1965 Ad
664 1928 745 1966 officium
758 1930 813 1977 igitur
824 1939 904 1965 vestrum

174 1992 251 2040 pertinet
265 1989 338 2027 rebelles
352 1989 436 2035 flectere3
454 1988 505 2026 vobis
524 1989 642 2025 committitur
659 1987 780 2025 inobedientes
796 1988 903 2034 lmaniliare,

174 2061 257 2088 nostram
271 2061 297 2087 est
310 2051 374 2088 vestris
383 2048 506 2087 sanctionibus
515 2049 607 2086 humiliter
616 2048 744 2096 obtemperare.
757 2048 775 2085 Si
785 2061 827 2097 ergo
841 2049 905 2097 cupitis

174 2111 256 2149 ordinem
270 2121 352 2147 nostrum
366 2122 376 2145 a
389 2121 486 2157 pravorum
499 2110 571 2145 incursu
581 2107 680 2153 defendere,
690 2118 748 2144 curate
762 2108 779 2143 in
792 2108 854 2157 primis
868 2107 904 2144 Ab·
952 2132 954 2134 -

173 2172 222 2208 bates
240 2170 314 2208 rebelles
330 2169 352 2206 ad
369 2169 490 2207 obedientiam
506 2182 599 2216 reuocare,
613 2169 653 2217 quia
668 2168 703 2204 nisi
716 2167 783 2205 ordinis
796 2169 904 2205 instauretur

172 2231 292 2275 urraraimbas,
307 2229 358 2266 facile
376 2228 485 2277 praevalebit
502 2228 643 2265 adversariorum
656 2227 744 2276 impietas,
757 2227 787 2263 Ait
799 2239 876 2276 rastraque
886 2228 904 2263 in

172 2290 270 2339 Evangelio
284 2289 379 2326 Dominus.
393 2288 454 2326 Omne
467 2300 542 2336 reguum
552 2288 570 2323 in
580 2289 658 2335 seipsum
667 2285 744 2323 diuisum
758 2285 872 2333 desolatarum
888 2297 904 2323 et
926 2329 928 2331 ¹

173 2350 237 2388 domus
251 2361 304 2397 supra
318 2347 393 2385 domum
408 2347 469 2385 cadet:
484 2348 525 2385 Sola
539 2348 603 2385 cinisio
618 2345 709 2383 confundit
723 2344 809 2384 ordinem.
