1968 3023
390 204 467 242 Homih'a
481 206 511 243 Xl.
797 217 819 252 77

82 295 126 322 tuas.
141 285 177 330 Qui
190 285 234 322 levis
247 295 274 323 est
287 285 354 332 animo,
369 296 386 323 et
400 284 479 322 moribus
493 285 595 331 dissolutus,
609 286 632 323 sit
645 285 676 323 tibi
691 286 741 335 quasi
754 286 818 332 homo,

82 345 112 394 qni
125 358 176 394 sepes
189 346 207 382 in
221 357 264 396 agro
278 344 357 395 dissipat.
370 346 412 383 Noli
426 346 485 383 socius
499 345 604 392 esseillius,
620 346 649 395 qui
663 345 751 395 regulam,
764 357 782 383 et
795 346 818 382 si-

82 403 155 442 lentium
171 406 277 452 contemnit,
292 406 321 455 qui
334 406 374 443 loca
387 418 423 443 non
437 405 528 451 discernit,
542 419 575 442 nec
588 415 678 455 tempora,
693 406 722 454 qui
736 407 774 443 sine
789 405 818 443 be·

82 464 183 502 nedictione
196 461 260 514 prioris
278 464 343 516 ubique
357 464 410 502 verba
428 465 545 514 nurltiplicat:
562 465 673 502 Monachum
689 465 737 509 vino,
753 475 769 502 et
787 477 818 513 po-

81 523 176 561 tationibus
195 538 310 563 contaminem
328 526 431 563 monasterii
450 538 536 563 canonem
554 524 633 561 crebrius
650 524 780 571 excedentem,
799 534 819 560 ut

81 582 183 621 fomentum
192 585 277 631 luxuriae,
287 595 303 623 et
313 586 438 635 scaturiginem
449 585 505 623 devita
515 587 597 622 omnium
607 585 699 623 uitiorum.
709 585 817 629 Monachus,

81 642 112 690 qui
125 643 200 680 consilio
214 644 274 692 capitis
288 645 316 681 sui
329 655 390 682 contra
403 645 478 682 senioris
490 645 596 696 mandatum
613 644 707 690 innititur,
720 643 818 693 perditioni

81 712 108 737 est
121 704 221 750 proximus,
236 713 253 741 et
267 704 341 742 festinus
355 705 424 742 anhelat
437 706 454 742 in
469 705 567 753 periculum
582 706 651 742 animae
665 718 713 742 suae.
728 704 755 741 Ne
769 715 817 740 com-

81 764 200 801 municaveris
213 764 297 813 operibus
311 765 393 802 monachi
407 766 508 813 pertinacis,
518 777 534 802 er
543 779 565 802 ne
575 765 640 802 habeas
651 764 698 802 illius
712 764 817 807 antichiam,

81 822 111 871 qui
124 835 155 859 sua
169 825 268 861 temeritate
282 824 370 861 maiorum
384 824 434 861 factis
448 824 553 861 cachinnans
566 823 675 873 obloquitur.
685 825 705 861 ln
719 824 780 862 medio
794 822 816 859 di·

81 881 214 930 scipliuatorum
229 895 268 921 esto
282 884 381 927 continuus,
392 894 409 920 et
417 882 493 921 libenter
502 897 542 920 cum
554 882 651 921 humilibus
665 883 745 920 ambulet
759 884 817 919 aalma

81 951 117 979 tua.
132 942 169 987 Qui
183 943 230 980 enim
248 944 290 980 viris
308 943 423 992 coniungitur
438 942 504 988 bonis,
515 944 601 980 uirtutem
619 942 692 980 illorum
710 943 815 991 participat:

81 1012 105 1046 et,
115 1001 145 1050 qui
154 1015 195 1039 cum
204 1002 255 1039 malis
264 1002 350 1051 graditur,
360 1002 409 1039 cadet
419 1003 435 1039 ia
446 1001 521 1039 lorcam.
535 1002 634 1039 hlonachus
648 1013 708 1038 autem
722 1013 816 1050 perversae

80 1060 177 1098 voluntatis
191 1061 259 1098 seducit
272 1061 370 1109 plurimos,
385 1072 412 1107 et,
425 1062 456 1110 qui
470 1062 568 1099 contemnit
581 1060 710 1104 obedientiarii,
725 1073 816 1109 rtunquam

80 1119 192 1157 exaltabitur.
202 1121 239 1165 Qui
252 1134 315 1158 vocem
329 1121 404 1170 loquens
418 1120 493 1165 extollit,
504 1131 520 1158 et
531 1120 595 1157 clamat
608 1122 626 1157 in
639 1120 695 1157 altum
710 1119 816 1166 vociferans,

79 1178 174 1215 stultitiam
189 1179 247 1216 cordis
256 1180 288 1216 sui
302 1192 337 1218 non
351 1189 410 1227 potest
423 1178 538 1225 abscondere,
552 1190 569 1216 et
583 1181 602 1216 in
615 1180 693 1216 vanitate
707 1192 739 1216 sua
752 1179 817 1228 gloria-

79 1236 132 1274 bitur.
145 1238 229 1275 Amicitia
242 1237 330 1277 bonorum
343 1240 423 1276 virorum
438 1239 488 1275 lirina
500 1238 546 1275 salus
557 1249 582 1276 est
592 1239 668 1284 atrimae,
678 1249 695 1275 et
704 1239 722 1276 in
731 1239 817 1276 societate

80 1310 187 1345 pravorum,
206 1298 314 1347 simplicium
334 1299 434 1335 innocentia
452 1299 578 1347 corrumpitur.
598 1297 676 1335 Societas
696 1298 770 1335 illorum
790 1307 816 1335 est

80 1357 154 1405 optima,
163 1370 239 1405 quorum
249 1358 282 1394 Dei
292 1358 346 1394 timor
355 1356 467 1393 confirmavit
477 1356 566 1393 bonorum
580 1369 655 1404 operum
669 1356 756 1405 exempla.
766 1355 816 1393 Nihil

79 1417 177 1465 preciosius
191 1418 248 1454 amico
262 1418 337 1454 timente
346 1418 405 1454 Deum
410 1432 415 1463 3
429 1428 446 1453 et
459 1417 504 1454 nihil
517 1416 637 1465 periculosius
648 1417 704 1460 socio,
714 1416 744 1465 qui
753 1428 817 1465 pravae

79 1486 106 1512 est
118 1476 221 1514 voluntatis.
235 1477 296 1514 Frater
309 1478 374 1514 timens
388 1477 446 1513 Deum
461 1478 479 1513 in
492 1486 531 1514 toto
545 1476 598 1513 corde
612 1489 653 1522 suo,
667 1489 701 1524 pro
715 1488 767 1512 nruro
781 1474 817 1511 for-

78 1534 159 1573 titudinis
173 1537 207 1573 erit
220 1536 277 1572 amico
291 1549 334 1573 suo:
350 1546 372 1581 et,
386 1536 415 1584 qui
429 1535 459 1572 tali
473 1549 513 1572 curia
527 1536 602 1572 sanitate
615 1536 680 1573 mentis
695 1535 816 1583 coniungitur,

79 1594 203 1633 benedictione
220 1596 255 1633 Dei
272 1596 344 1645 spiritus
363 1596 412 1633 omni
430 1605 511 1644 tempore
528 1595 653 1633 sanctificatur.
668 1595 705 1640 Qui
721 1596 739 1631 iu
754 1593 815 1631 medio

78 1655 182 1692 timentium
196 1656 254 1693 Deum
268 1655 353 1704 graditur,
367 1655 416 1703 quasi
431 1667 482 1691 tutuo
496 1655 514 1692 in
528 1655 603 1691 circuitu
618 1654 723 1700 fortissimo,
737 1668 760 1691 ne
773 1651 815 1690 defi-

79 1714 118 1757 ciat,
128 1723 243 1752 sustentatur.
257 1714 282 1751 Ex
296 1713 353 1751 verbis
367 1714 403 1750 suis
418 1715 532 1763 cognoscitur
545 1727 606 1751 serras
621 1714 709 1760 altissimi,
722 1724 740 1750 et
753 1725 815 1750 arona-

79 1772 131 1809 chum
147 1772 214 1811 bonum
227 1786 281 1821 opera
295 1773 373 1809 indicant
386 1773 489 1811 sanctitatis.
503 1772 564 1811 Omne
576 1772 652 1810 verbum
666 1783 723 1821 turpe,
735 1772 815 1817 scurrile,

78 1841 95 1867 et
113 1832 195 1869 ociosum
213 1831 233 1868 ab
252 1846 282 1870 ore
296 1832 375 1869 timentis
388 1832 487 1868 Doruimrm
505 1845 541 1869 nou
555 1832 656 1881 egreditur:
672 1841 699 1878 et,
715 1831 745 1880 qui
762 1843 815 1867 verus

77 1900 147 1927 anmtor
156 1902 183 1929 est
191 1892 230 1928 lesu
240 1892 289 1935 nihil,
299 1891 347 1940 quod
357 1890 435 1928 offendat
446 1890 550 1937 bonitatem,
560 1901 650 1939 operatur.
661 1891 680 1927 In
690 1903 721 1928 ore
730 1890 815 1927 monachi

78 1950 138 1987 Deum
150 1951 225 1987 arnamis
239 1963 309 1999 semper
323 1951 403 1988 Christus
417 1960 496 1987 resonat:
512 1961 534 1996 et,
548 1950 577 1999 qui
591 1962 643 1986 verus
657 1961 684 1986 cst
697 1949 731 1986 Dei
745 1949 814 1994 cultor;

77 2022 180 2046 sennonem
197 2010 274 2047 iustitiae
292 2012 310 2047 in
328 2022 359 2047 ore
376 2010 438 2053 simul,
453 2021 469 2047 et
483 2010 567 2058 inopere
581 2009 699 2046 detuonstrat.
714 2009 751 2054 Qui
764 2009 815 2045 timet

77 2069 147 2113 Deum,
162 2069 273 2106 consiliarius
290 2081 317 2106 est
335 2069 423 2117 optimus:
438 2078 465 2115 et,
479 2070 508 2118 qui
522 2068 543 2105 ad
558 2080 645 2105 canonem
659 2067 747 2112 ambulat,
762 2068 815 2105 iudea
832 2079 834 2085 ¹

78 2138 104 2165 est
116 2128 194 2177 prudens
208 2130 345 2178 cogitationum.
359 2129 422 2166 Senior
436 2129 499 2165 timens
513 2128 584 2173 Deum,
599 2121 616 2165 ei
630 2131 648 2164 in
661 2128 774 2165 observantia
788 2140 814 2164 re-

77 2187 133 2235 gulari
147 2188 205 2225 multo
219 2198 299 2237 tempore
313 2187 403 2237 probatus,
417 2197 434 2225 et
448 2198 537 2236 expertus,
551 2187 629 2224 director
643 2197 669 2224 est
682 2188 778 2225 iuvenum:
792 2197 814 2233 et,

77 2246 107 2295 qui
120 2258 156 2282 non
170 2245 222 2283 habet
236 2246 253 2282 in
267 2256 317 2283 veste
331 2246 425 2291 maculam,
434 2244 491 2282 bonus
505 2246 597 2282 institutor
610 2245 633 2281 sit
645 2245 764 2281 novitiorum.
777 2244 815 2288 Qui

77 2304 177 2341 divinarum
191 2315 216 2341 est
230 2304 331 2353 intelligens
345 2304 413 2348 doctor,
424 2314 440 2341 et
451 2304 554 2352 explanator
568 2303 696 2352 scripturarum
711 2303 814 2340 custodiens

77 2363 94 2400 in
109 2362 208 2399 latarnilitate
222 2363 299 2399 animam
313 2376 368 2409 suam,
378 2363 438 2400 omnia
452 2362 505 2399 verba
519 2363 554 2399 oris
565 2364 607 2406 eiuS,
617 2372 700 2412 tanquam
710 2363 745 2399 sint
754 2366 813 2406 aurea,

77 2421 152 2460 libenter
166 2423 233 2470 excipe,
247 2423 332 2471 quorriam
345 2435 409 2459 raerros
423 2421 495 2467 habent,
510 2432 527 2458 et
539 2422 648 2459 soliditatem
662 2421 731 2458 futurae
746 2422 814 2458 loelici-

76 2481 117 2518 tatis
130 2491 217 2518 aeternae.
227 2481 264 2524 Qui
273 2494 315 2517 vere
329 2481 391 2517 doctus
405 2490 437 2523 est,
447 2479 544 2517 infirmanti
559 2480 671 2528 compatitur,
682 2491 704 2526 et,
714 2481 744 2530 qui
754 2480 813 2517 lesum

47 2585 49 2588 Ι
77 2540 139 2590 diligit,
153 2539 268 2577 fluctuantem
282 2541 342 2577 :animo
351 2539 372 2577 acl
382 2538 504 2576 fortitudinem
519 2539 629 2576 cohortatur.
640 2540 677 2583 Qui
687 2553 728 2577 cum
738 2540 812 2578 homine

76 2599 151 2638 verboso
161 2600 245 2649 graditur,
255 2612 290 2636 non
300 2600 362 2637 evadet
372 2600 516 2637 contentionem:
531 2609 555 2645 et,
566 2600 596 2649 qui
606 2599 703 2636 delectatur
712 2599 812 2644 raaeudaciO,

76 2672 166 2708 nunquam
181 2660 213 2696 erit
227 2660 322 2708 sapientiae
337 2660 409 2696 anneus.
423 2658 458 2702 Qui
472 2658 553 2696 assiduus
567 2670 594 2696 est
608 2660 625 2695 in
640 2660 723 2703 cateruis,
734 2661 813 2697 nouerit

75 2719 178 2768 proficiem,
193 2728 210 2756 et
223 2720 261 2756 sine
275 2732 326 2756 causa
340 2718 427 2768 gloriatur
440 2732 458 2755 se
472 2719 586 2756 monachum.
596 2718 638 2756 Cito
647 2720 761 2768 propositum
773 2733 812 2757 san-
