1968 3023
96 173 132 206 206
268 170 411 218 Quemadmodum
424 171 443 207 sil
453 171 553 220 fugiendam
563 178 655 221 potralata.

94 248 159 286 iudicia
172 250 275 297 immineam
289 264 366 299 quorum
380 260 462 287 neutrum
475 252 574 299 poterimus
587 251 716 301 subterfugere,
725 252 756 289 scd
770 265 829 290 neces·

95 308 137 345 sitas
146 321 179 345 nos
189 310 280 357 compellit
290 310 307 348 in
317 320 393 360 utroque
403 322 512 358 comparere.
523 310 606 348 Alterum
616 311 720 360 particulare
731 311 800 357 dicitur,
812 314 829 349 in

95 382 131 416 quo
140 369 199 405 statim
213 380 254 418 post
267 380 345 407 mortem
358 371 417 408 anima
430 384 463 420 pro
476 371 552 417 meritis,
562 371 589 408 uel
598 372 620 409 ad
629 374 711 420 gratiam,
720 371 747 408 vel
756 371 778 408 ad
788 386 829 421 poe·

94 440 135 463 nam
146 426 237 465 iudicatur.
248 429 329 467 Alterum
337 443 379 468 uero
389 430 470 479 generale
480 431 589 474 nominatur,
597 431 645 480 qnod
655 432 688 468 erit
697 431 715 468 in
724 431 759 468 line
768 432 828 478 seculi;

95 485 123 522 ubi
137 500 200 524 ornnes
213 486 282 536 pnblice
298 488 415 526 iudicabimur
428 503 437 526 a
451 488 488 526 filio
502 490 596 538 unigenito
609 491 648 528 Dei,
662 489 763 540 Utrumque
775 491 829 528 riimis

94 546 171 584 terribile
184 548 280 593 iudicium,
295 560 312 586 et
325 551 393 586 cunctis
408 548 513 586 mortalibus
526 549 577 587 valde
590 550 712 588 metuendum.
729 551 775 596 Hinc
789 563 829 599 pro-

95 605 147 654 pheta
160 606 196 643 loel
210 607 260 645 dicit:
274 608 350 657 Magnus
364 608 401 646 dies
414 608 495 652 Domini,
505 617 522 644 et
531 607 614 645 terribilis
628 608 684 654 valde,
696 618 714 646 et
727 610 766 658 quis
779 611 833 647 susti-¹
870 631 871 634 ¹

41 694 45 702 .
71 695 74 703 .
94 665 143 703 nebit
156 667 209 703 eum?
223 667 240 703 in
255 667 380 704 concionatore
397 680 470 717 quoque
483 681 514 704 rex
527 667 614 705 Salomon
628 668 679 706 dicit:
694 668 770 712 Cuncta,
784 682 829 718 quae

94 724 139 762 fiunt
152 724 184 761 snb
197 725 240 772 sole,
250 725 324 763 adducet
336 728 385 763 Dens
395 728 413 763 in
426 727 519 774 iudicium,
533 740 566 776 pro
579 729 630 764 omni
643 739 701 766 errato
714 727 829 774 iudicaturus

1 808 4 815 ·
43 817 46 824 ‚
94 787 131 823 siue
145 786 211 823 bonurn
226 787 254 831 sit,
264 788 300 824 siue
315 786 387 824 malum.
401 788 421 824 ln
430 788 481 824 Esaia
495 800 566 836 quoque
579 788 605 823 sic
618 788 692 836 legitur:
706 788 794 825 Dominus
808 787 829 824 ad

94 845 181 883 iudicium
192 847 251 883 veniet
265 859 305 883 cnm
319 845 390 883 senibus
404 846 466 896 populi
478 848 512 893 sni,
522 857 538 883 et
547 846 657 895 principibus
669 848 712 884 eius,
726 847 747 884 Et
757 848 774 884 in
783 846 829 884 libro

56 932 59 939 .
94 906 151 943 Amos
169 905 267 954 prophetae
284 906 309 942 sic
326 906 419 953 scribam-3
432 907 471 944 Vae
489 904 629 944 desiderantibus
648 905 695 943 diem
708 907 788 944 Domini.
802 906 829 944 nd

0 992 2 1001 a
51 996 55 1004 ,
70 997 74 1005 ,
94 964 137 1014 qnid
151 978 189 1002 eam
203 965 266 1003 uobis?
279 966 322 1003 Dies
336 967 384 1003 enim
393 967 468 1003 Domini
481 966 515 1002 ista
528 964 616 1010 tenebrae,
631 975 648 1003 et
661 978 697 1003 non
710 965 746 1003 lua.
760 966 829 1014 Sopho-

94 1025 131 1061 nias
141 1039 212 1075 quoque
224 1026 311 1075 propbeta
320 1027 401 1072 Domini,
412 1026 550 1063 amaritudinem
559 1025 614 1062 loturi
628 1025 688 1062 iudicii
702 1026 829 1074 praenuncians

95 1082 147 1122 dixit:
161 1085 202 1122 Vox
215 1085 249 1122 diei
262 1086 336 1123 Domini
349 1099 414 1130 amara,
424 1084 537 1123 tribulabitur
546 1084 570 1122 ibi
579 1084 635 1122 fortis.
645 1084 688 1121 Dies
697 1085 732 1121 irae
742 1085 779 1122 dies
793 1085 828 1122 illa:

94 1142 131 1180 dies
145 1143 271 1191 tribulationis,
280 1156 297 1181 et
309 1145 405 1194 angustiae,
419 1144 456 1182 dies
471 1144 582 1190 calamitatis,
597 1152 613 1180 et
627 1144 718 1190 miseriae,
732 1142 769 1181 dies
783 1153 829 1181 tene·

94 1202 207 1250 brat·n1n‚et
223 1203 313 1253 caliginis;
327 1204 363 1241 dies
382 1203 467 1249 nebulae,
482 1214 499 1240 et
512 1201 593 1240 turbinis.
613 1204 633 1240 ln
647 1204 688 1252 igne
705 1202 738 1239 zeli
754 1204 829 1240 Domini

94 1261 207 1299 devorabitur
217 1264 275 1300 omnis
289 1273 343 1310 terra;
357 1264 397 1312 qnia
411 1263 587 1300 consummationem
601 1275 641 1298 cum
651 1261 764 1299 festinatione
777 1261 829 1299 faciet

94 1322 112 1359 in
126 1323 193 1359 cunctis
207 1321 325 1360 habitantibus
339 1333 409 1360 terram.
420 1324 472 1360 Hunc
485 1322 533 1360 (lieni
546 1321 643 1360 terribilem
657 1323 718 1368 nimis,
731 1334 748 1359 et
762 1323 829 1359 ctmctis

94 1381 206 1419 tremendum
220 1382 332 1430 mortalibus,
342 1396 394 1432 quem
408 1392 457 1420 certo
470 1393 567 1420 uenturum
577 1381 653 1425 creditis,
664 1382 681 1419 in
691 1382 784 1427 memoria,
795 1382 828 1418 fra-

93 1450 135 1484 tres,
146 1441 245 1477 charissimi
260 1455 331 1490 semper
344 1441 428 1479 babeatis.
443 1442 491 1479 Dicit
504 1442 552 1479 enim
566 1442 688 1478 sanctissimus
702 1441 771 1490 praesul
785 1441 828 1478 nu]-

93 1499 172 1537 btosius:
186 1500 236 1538 Nihil
249 1512 282 1547 est,
297 1501 345 1551 quod
359 1502 414 1550 magis
430 1501 510 1550 proficiat
524 1500 546 1537 ad
559 1502 616 1538 vitam
629 1501 729 1546 honestam,
743 1514 796 1550 quam
810 1510 829 1537 ut

94 1573 135 1597 cum
149 1560 241 1598 credamus
258 1560 336 1597 indicem
351 1559 441 1608 futurum,
455 1574 508 1610 quem
523 1574 556 1597 nec
570 1560 639 1598 occulta
655 1562 742 1612 mentium
756 1560 829 1609 fallunt,

44 1641 47 1648 -
65 1640 68 1648 ·
93 1632 126 1656 nec
139 1620 233 1657 inhonesta
246 1620 340 1658 delectant.
355 1620 424 1658 Omnes
438 1620 485 1657 enim
497 1633 536 1666 nos,
546 1631 565 1656 ut
577 1630 648 1656 sanctus
658 1620 789 1669 Christoplrilus
803 1622 828 1657 in-

3 2240 7 2248 .
16 2222 51 2247 Perr.
61 2230 72 2254 4.

1 2292 26 2317 emi
39 2291 72 2316 iina-

20 2334 73 2359 semper

93 1679 140 1728 quit,
155 1679 265 1716 manifestari
279 1690 349 1728 oportet
362 1690 402 1716 ante
415 1679 492 1716 tribunal
505 1679 583 1725 Clrristi,
597 1689 616 1715 ut
630 1679 694 1716 referat
707 1681 829 1729 unusquisque

93 1739 164 1788 propria
178 1739 265 1788 corporis,
279 1749 332 1787 prout
345 1740 405 1788 gessit,
415 1739 453 1776 siue
462 1738 534 1782 bonnm,
545 1740 582 1775 siue
596 1738 669 1776 malum.
684 1739 743 1783 Quam
757 1741 779 1775 sit
793 1753 829 1777 me·

93 1798 158 1835 tuenda
173 1798 203 1835 illa
219 1797 256 1834 dies
272 1797 334 1842 futuri,
350 1798 468 1848 terribilisque
484 1798 556 1845 iudicii,
570 1809 641 1835 sanctus
660 1797 753 1847 presbyter
766 1799 829 1836 Hiero-

93 1870 158 1905 nymus
172 1858 250 1895 insinuat
263 1857 334 1895 dicens:
349 1858 388 1895 Sive
402 1857 501 1904 comedam,
514 1858 552 1898 siue
566 1856 636 1903 bibam,
651 1858 688 1894 siue
702 1856 768 1907 aliquid
781 1857 828 1895 alind

93 1916 163 1964 faciam,
172 1930 243 1966 semper
252 1930 287 1954 uos
300 1917 330 1955 illa
338 1917 408 1954 uidetur
418 1931 482 1955 sonare
491 1919 509 1955 in
518 1917 589 1954 auribus
603 1918 658 1954 meis:
673 1917 743 1966 Surgite
755 1918 828 1964 mortui,

92 1977 151 2013 venite
164 1975 186 2013 ad
198 1977 290 2013 iudicium.
309 1977 385 2020 Quoties
399 1976 446 2013 diem
459 1976 520 2014 iudicii
533 1977 603 2026 cogito,
616 1986 665 2013 totus
682 1976 746 2023 corde,
760 1986 778 2013 et
791 1990 829 2014 cor-

93 2049 136 2084 pore
153 2036 277 2073 contremisco.
295 2035 347 2072 Unde
360 2036 376 2072 si
388 2049 422 2083 qua
436 2036 533 2085 praesentis
546 2037 593 2073 vitae
606 2045 633 2072 est
646 2034 711 2082 letitia,
725 2035 749 2072 ita
762 2036 829 2084 agenda

93 2105 125 2141 est,
138 2105 157 2132 nt
171 2108 262 2145 nunquam
276 2095 376 2133 amaritudo
389 2096 444 2133 futuri
457 2095 518 2133 iudicii
531 2096 602 2132 recedat
612 2108 621 2132 a
630 2096 723 2132 meritoria.
737 2094 787 2140 Quid
796 2109 828 2133 nos

93 2155 153 2192 miseri
167 2156 246 2193 dicemus
259 2156 278 2192 in
291 2154 321 2191 illa
334 2154 372 2202 die,
385 2155 414 2191 uel
427 2155 520 2205 quomodo
534 2155 621 2192 stabimus
635 2163 675 2192 ante
689 2154 789 2191 districtum
803 2156 828 2192 iu-

93 2213 156 2261 dicem,
166 2215 186 2258 si,
197 2224 215 2251 ut
225 2213 275 2251 diuus
285 2214 349 2250 Petrus
362 2214 405 2250 dicit
419 2214 516 2263 apostolus,
527 2215 557 2251 vlu
571 2215 627 2251 iustus
639 2213 747 2251 salvabitur?
760 2214 778 2251 Si
786 2214 828 2251 Hie·

93 2286 179 2322 ronymus
188 2274 215 2310 vir
223 2274 286 2320 iustus,
296 2283 348 2322 atque
357 2273 479 2310 sanctissimus
493 2273 578 2310 indicium
593 2272 674 2310 futurum
687 2273 753 2319 timuit,
763 2286 774 2309 o
783 2271 828 2310 bone

93 2333 148 2379 Deus,
157 2333 249 2382 quomodo
259 2332 359 2369 Tritemius
367 2342 448 2381 peccator
458 2332 520 2371 infelix
530 2331 652 2381 comparebit?
662 2332 680 2369 Si
693 2332 749 2369 iustus
760 2334 828 2380 metuit,

38 2413 49 2421 u
93 2403 175 2440 peccator
189 2392 281 2441 quomodo
295 2391 359 2428 stabit?
373 2391 422 2436 Quid
431 2393 478 2428 enim
492 2393 579 2437 dicemus,
590 2402 620 2428 aut
629 2390 671 2440 quid
683 2390 828 2440 respondebimus

93 2452 181 2501 undique,
196 2452 273 2501 graviter
286 2451 376 2488 accusati?
389 2451 456 2488 Omnia
469 2451 556 2489 elementa
572 2450 644 2488 stabunt
658 2450 751 2487 aduersum
764 2464 797 2488 nos
811 2452 829 2487 in

93 2512 225 2557 testimonium,
233 2510 340 2548 accusabunt
350 2519 397 2547 tetra
406 2510 464 2554 simul,
475 2522 492 2548 et
502 2510 580 2548 coelum:
595 2511 643 2559 quod
656 2511 671 2546 si
685 2512 737 2547 ctiam
751 2520 828 2547 tacerent

93 2571 158 2617 omnia,
168 2571 226 2619 grauis
235 2572 268 2607 erit
278 2571 373 2618 unicuique
384 2570 491 2607 conscientia
501 2571 578 2619 propria.
591 2570 641 2607 Nilril
654 2571 730 2618 ignorat,
740 2570 829 2619 quinovit

93 2630 162 2675 animm
176 2631 260 2679 quoniam
270 2629 294 2666 ibi
304 2629 398 2666 manifesta
410 2639 461 2666 erunt
475 2629 560 2667 iudicanti
574 2629 660 2667 universa.
675 2630 730 2667 Erunt
743 2628 772 2673 ibi,
783 2635 828 2678 quae

92 2688 167 2726 fecimus
185 2689 230 2726 mala
247 2702 280 2727 nos
297 2690 375 2739 grauiter
393 2689 492 2726 accusantia
498 2705 502 2736 3
516 2688 590 2726 aderunt
606 2690 720 2727 circumcirca
733 2702 765 2739 pro
779 2689 828 2725 testi-
