1968 3023
134 151 168 188 208
308 151 452 199 Quemadmodum
465 152 485 189 sa
493 152 592 203 fragieadrmr
603 161 695 204 pacatam⁴

134 232 204 268 flarurna
220 232 319 279 comburit,
333 246 378 282 quos
391 246 439 270 nunc
454 233 528 270 carnalis
542 234 635 272 delectatio
649 234 723 284 polluit:
738 246 754 273 et
768 246 817 274 tanto
831 250 868 274 arn-

134 292 180 340 plius
197 293 272 342 quisque
290 293 308 330 in
325 294 420 331 tormentis
434 295 497 341 uritur,
511 304 577 344 quanto
591 295 619 332 iric
635 296 716 332 incarne
735 306 796 333 contra
808 298 867 333 Deum

133 353 190 400 magis
204 352 307 390 delectatur.
320 354 373 402 Apud
386 352 459 400 inferos,
473 352 584 391 contestante
598 356 693 405 Gregorio,
707 355 763 405 frigus
777 358 809 393 erit
822 357 868 394 into-

133 410 214 454 lerabile,
233 412 286 468 ignis.
297 412 448 463 inextinguibilis,
463 415 530 450 vermis
546 414 663 452 conscientiae
681 405 868 461 immortalis,foetor

133 470 256 518 intolerabilis,
267 472 349 510 tenebrae
364 473 464 522 palpabiles,
474 473 545 511 dolores
559 474 703 520 inaestimabiles,
713 474 782 524 flagella
795 476 833 512 sine
844 476 868 511 iu·

134 532 247 569 termissione
262 532 383 579 caedentium,
397 532 485 570 horrenda
499 534 544 570 visio
558 534 673 579 daemonum,
688 533 769 572 confusio
783 534 867 571 commis-

134 602 196 627 sorum
209 592 310 634 criminum,
321 592 421 639 desperatio
434 592 622 631 omniumbonorum:
636 595 667 630 secl
680 595 761 631 omnium
770 594 788 630 in
797 592 867 631 inferno

134 662 232 698 poenarum
253 651 306 699 longe
326 651 432 700 gravissima
449 651 479 688 illa
496 652 614 690 existimanda
627 664 663 700 est,
677 654 725 702 quod
741 653 777 690 illic
790 653 868 690 damnati

134 709 178 746 lucis
192 719 273 747 aeternae
285 710 355 747 visione
369 721 456 758 perpetuo
469 720 511 747 sunt
527 712 596 760 privati.
614 713 660 749 Hinc
673 712 784 750 beatissimus
798 711 868 761 praesul

133 769 208 806 loannes
222 770 364 818 Clrrvsostomus
379 770 412 806 ait:
426 769 544 808 intolerabilis
553 784 581 808 res
591 782 617 808 est
630 772 716 822 gebenna,
729 783 747 809 et
760 784 822 808 ornnes
835 773 868 809 lao-

134 830 191 865 mines
204 827 300 866 abhorrent
314 843 359 866 earn.
375 830 421 873 Quis
435 831 483 867 eninr
496 832 563 868 nesciat
576 830 620 867 illud
633 831 740 880 supplicium
753 831 817 868 inferni
830 845 868 868 esse

133 887 210 924 multum
229 887 328 925 lrorribile?
341 890 410 926 Verum
424 890 439 926 si
452 889 501 925 mille
520 890 622 939 quisquam,
636 891 693 926 inuno
706 891 721 927 si
734 891 795 927 decem
812 890 868 927 millia

133 956 188 996 ponat
201 947 298 996 gebennas
308 947 353 985 nihil
366 958 392 985 est
405 958 470 995 torum,
482 949 530 997 quod
544 949 592 995 dicit,
602 960 723 998 comparatum
736 952 757 987 ad
770 950 820 997 illud,
832 951 868 987 ani-

133 1020 181 1043 mam
195 1019 267 1043 exosam
281 1006 354 1044 Christo
367 1007 429 1055 repelli
442 1021 451 1044 a
464 1007 521 1056 gloria
534 1018 641 1057 sanctorum,
653 1019 670 1046 et
683 1009 732 1047 illam
745 1010 805 1047 audire
817 1010 867 1047 terri-

134 1066 187 1103 bilem
196 1079 260 1103 vocern
270 1079 292 1103 ex
302 1079 333 1103 ore
342 1067 406 1114 iudicis
419 1068 509 1105 omnium:
519 1066 610 1105 Discedite'
619 1082 628 1105 a
637 1082 666 1105 me
675 1070 750 1117 operarii
765 1070 866 1120 iniquitatis¹

134 1126 218 1175 quoniam
228 1126 289 1163 nescio
297 1139 340 1163 vos:
350 1137 375 1162 et:
385 1127 409 1163 ire
418 1126 508 1163 maledicti
518 1128 605 1175 inignem
615 1137 712 1175 aeteruum,
722 1130 751 1177 qui
762 1138 832 1177 paratus
842 1138 868 1164 est
885 1161 888 1164 .

104 1187 108 1194 ‘
133 1185 189 1230 vobis,
200 1196 217 1222 et
226 1185 303 1223 diabolo.
317 1187 334 1224 O
344 1200 380 1223 vox
391 1181 472 1223 omniurn
482 1185 589 1223 terribilium
598 1186 651 1236 longe
664 1187 799 1234 terribilissimo,
809 1201 819 1225 o
829 1201 867 1224 sen-

134 1245 189 1281 tentia
201 1244 302 1290 metuenda,
311 1244 413 1281 eruimiuru
426 1244 514 1282 horrenda
528 1246 596 1282 cunctis
609 1245 719 1291 mortalibus,
733 1247 779 1284 odiri
792 1260 824 1295 pro
838 1247 868 1284 de-

133 1305 201 1342 meritis
215 1317 224 1340 a
238 1304 320 1349 Christo,
336 1303 429 1353 exprobari
442 1317 452 1340 a
465 1304 529 1351 iudice,
543 1307 619 1353 separari
632 1319 641 1342 a
655 1307 746 1343 consortio
760 1306 837 1355 gloriae,
850 1316 867 1342 et

133 1364 200 1401 nullam
218 1377 269 1412 spem
287 1364 426 1411 recuperationis
444 1363 520 1412 amplius
538 1365 620 1402 retinere.
641 1365 723 1414 Cogitate
736 1378 782 1402 nunc
795 1365 868 1410 fratres,

134 1425 232 1462 certissime
245 1424 314 1460 futuras
327 1424 425 1472 impiorum
440 1436 518 1473 poenas;
534 1434 550 1461 et
564 1434 665 1474 comparate
682 1438 797 1473 quoscunque
812 1435 867 1461 trans-

133 1485 191 1521 euntis
209 1485 246 1521 aevi
263 1483 358 1530 cruciarus,
372 1485 468 1532 omniaque
485 1483 586 1533 cogitabilia
600 1484 652 1521 huius
669 1484 730 1521 rnundi
743 1493 833 1521 tormenta
846 1483 867 1519 ad

133 1544 162 1581 illa
176 1544 285 1591 sempiterna
297 1541 423 1580 damnatorum
436 1542 529 1591 supplicia,
544 1553 561 1580 et
575 1553 626 1580 erunt
640 1543 685 1579 sicut
698 1544 742 1580 nibil
755 1544 776 1580 ad
792 1543 866 1593 aliquid,

133 1603 238 1651 imaginatio
251 1602 273 1639 ad
286 1603 387 1648 veritatem,
402 1603 493 1643 somnium
507 1603 529 1639 ad
541 1602 627 1651 vigiliam.
640 1601 759 1640 Tentationes
774 1604 836 1647 carnis,
851 1613 867 1640 et

132 1663 190 1712 legem
204 1663 271 1711 peccati
285 1661 335 1699 facile
349 1662 460 1711 superabitis,
474 1663 489 1699 si
503 1663 566 1700 harum
582 1675 641 1699 rerum
655 1662 783 1710 cogitationem
799 1664 817 1700 in
831 1676 868 1700 me-

133 1722 191 1760 moria
208 1723 293 1759 continue
310 1723 395 1759 retinetis.
413 1722 431 1760 O
446 1731 548 1766 aeternum,
564 1735 617 1771 quam
635 1721 772 1770 inexcogitabile
788 1731 866 1770 tempus,

133 1794 197 1818 aevum
210 1782 248 1818 sine
261 1781 303 1826 fine,
317 1781 398 1818 seculum
411 1780 449 1818 siue
462 1791 549 1829 tempore.
563 1782 633 1827 beatus,
643 1781 673 1830 qui
686 1794 733 1817 nunc
747 1781 837 1830 praevidet
849 1782 868 1817 in

133 1852 221 1890 tempore,
235 1840 327 1891 quomodo
340 1852 381 1890 post
395 1841 440 1879 banc
452 1840 575 1878 brevissimam
588 1841 643 1878 vitam
656 1839 699 1877 bene
712 1840 774 1878 habeat
786 1841 804 1877 in
813 1851 868 1878 aeter-

53 1908 92 1948 Rvp·
101 1906 113 1947 β·
133 1903 194 1940 nitate.
207 1901 305 1948 Quartum,
314 1902 362 1950 quod
375 1901 468 1938 hominem
478 1914 487 1937 a
496 1911 569 1949 peccato
579 1910 638 1949 potest
647 1900 744 1947 retrahere,
758 1910 783 1937 est
792 1900 868 1946 futurae,

26 1941 113 2003 aedifififif
133 1962 288 2010 sempiternaeque
301 1960 390 1998 felicitatis
404 1962 508 1998 continuam
522 1962 539 1997 in
553 1959 606 1997 corde
619 1960 725 1997 memoriam
739 1959 808 1997 babere.
821 1960 868 1997 Vere

27 2012 67 2046 s'ssffl·
133 2033 169 2057 non
178 2029 220 2056 sunt
229 2020 329 2069 condignae
338 2020 429 2068 passiones
439 2020 492 2056 buius
501 2020 587 2069 temporis
597 2020 618 2056 ad
627 2030 774 2067 superventuram
786 2019 868 2068 gloriam,

133 2093 178 2130 quae
192 2079 299 2117 revelabitur
312 2079 331 2116 in
343 2079 418 2126 sanctis,
433 2078 462 2116 ubi
475 2078 524 2116 nulla
537 2080 570 2116 erit
583 2078 675 2124 discordia,
689 2079 737 2115 nulla
749 2079 820 2127 penitus
834 2078 868 2115 dis-

133 2140 224 2185 sonantia3
238 2139 270 2175 sed
284 2138 317 2174 erit
330 2151 401 2174 summa
415 2151 450 2187 pax
463 2140 555 2184 omnium,
571 2147 589 2174 er
602 2139 709 2186 sempiterna
726 2137 821 2175 concordia
834 2137 868 2174 lae-

133 2200 208 2237 tantium
218 2207 327 2235 sauctorum.
335 2197 356 2234 In
365 2197 438 2234 coelesti
447 2207 549 2235 sanctorum
559 2196 667 2234 beatitudine
676 2196 761 2245 gaudiana
771 2205 797 2232 est
806 2208 868 2233 verum

133 2260 170 2296 siue
183 2259 261 2301 tristitia,
275 2269 309 2306 pax
322 2258 360 2293 sine
373 2255 467 2303 discordia,
480 2256 549 2294 bonitas
562 2258 601 2293 sine
614 2256 687 2302 malitia,
698 2256 764 2293 laetitia
776 2256 814 2293 sine
827 2255 868 2302 fine,

133 2319 163 2356 lux
176 2319 214 2355 sine
227 2316 312 2362 tenebris
326 2316 361 2353 vita
374 2317 412 2352 sine
426 2316 488 2354 dolore
501 2317 589 2365 perennis.
603 2316 629 2353 lbi
642 2325 669 2352 est
683 2315 758 2353 dulcedo
771 2317 809 2353 sine
821 2328 869 2352 ama-

133 2377 216 2420 ritudine,
231 2377 301 2426 requies
314 2377 353 2412 siue
366 2374 432 2421 labore,
445 2376 483 2412 laus
497 2376 535 2413 sine
548 2376 643 2423 vituperio,
657 2388 707 2412 arnor
720 2376 758 2412 sine
770 2376 820 2421 vitio,
834 2374 868 2411 cla-

133 2439 175 2475 ritas
190 2438 228 2474 sine
242 2435 311 2479 nubilo,
326 2436 396 2472 satietas
412 2437 449 2472 sine
463 2436 540 2474 fastidio.
558 2436 600 2472 Sine
613 2435 672 2472 taedio
687 2444 747 2472 manet
762 2435 867 2480 aeternita53

133 2498 170 2534 sine
183 2496 253 2534 defectu
269 2494 353 2533 exuberat
369 2494 449 2541 bonitas,
462 2495 500 2532 sine
513 2495 585 2532 miseria
602 2496 715 2532 continuatur
728 2494 808 2531 felicitas.
822 2494 869 2532 Nam

133 2556 163 2593 ubi
176 2544 225 2593 Deus
239 2566 265 2593 est
277 2557 339 2592 omnia
352 2555 370 2592 in
384 2554 473 2601 omnibus,
486 2555 584 2604 perfectum
598 2564 616 2591 et
628 2554 701 2603 plenum
714 2554 799 2604 gaudium
813 2553 868 2590 aderit

134 2616 227 2654 universis.
241 2614 267 2651 Ibi
281 2615 345 2659 anima,
355 2615 393 2650 sive
406 2627 457 2651 mens
470 2624 531 2651 sancta
544 2614 631 2663 principio
644 2627 677 2651 suo
691 2627 721 2663 per
735 2626 814 2650 amorem
827 2624 868 2649 con-

134 2675 218 2724 iungitur,
232 2674 332 2712 intellectus
346 2673 368 2711 ad
382 2674 504 2722 cognitionem
520 2674 586 2711 summi
603 2672 645 2712 boni
658 2674 735 2722 perfecte
748 2672 868 2718 illurninatur3
