1968 3023
183 141 216 176 170
361 129 387 165 Da
401 128 423 165 ad
436 134 503 165 rueram
514 128 642 177 praeparatione
656 128 739 165 coritiana.

181 211 237 250 iratres
251 207 344 254 iudicatur,
360 209 391 257 qui
405 222 448 245 auro
462 208 538 256 praefert
551 210 637 254 scoriam3
651 208 683 244 sed
697 208 854 256 insipientissimus
870 207 917 256 apud

181 269 240 305 Deum
254 266 333 313 habetur,
343 268 373 316 qui
388 267 439 304 bouis
449 268 561 317 sempiternis
571 267 689 316 temporalem
699 268 791 315 anteponit
799 267 917 316 voluptatem.

182 328 218 372 Qui
232 340 312 364 serenam
330 328 457 364 coriscieutiam
472 327 534 376 diligit,
548 328 607 364 ocium
626 327 694 376 fugiat,
709 329 801 377 quoniam,
815 328 860 363 sicut
874 327 917 363 scri-

182 398 232 436 ptura
242 387 290 430 dicit,
302 388 319 423 iu
333 386 425 424 desideriis
440 397 465 424 est
479 388 536 423 omnis
550 387 628 433 ociosus,
643 398 660 423 et
673 387 747 424 multam
757 386 842 423 malitiam
856 385 917 422 <locuit

181 447 270 484 ociositas,
281 446 403 495 Occupaudus
417 455 443 482 est
457 445 507 483 bouis
521 446 607 497 exercitiis
622 447 700 491 arrianus,
711 457 728 482 et
740 453 811 482 sanctae
825 458 917 482 couversa-

181 506 240 549 tionis,
257 505 286 554 qui
305 504 391 541 charitate
409 504 475 541 ferveat
493 506 544 553 iguis,
560 518 592 541 usu
611 506 697 543 contiuuo
715 504 824 542 utrtrieudus.
838 505 916 542 Ociosus

182 567 228 602 euim
242 578 274 601 uec
288 564 322 601 sibi
336 566 384 608 vivit,
399 578 431 601 uec
445 566 533 612 proximo,
547 564 577 602 sed
591 568 648 601 ventri
663 578 734 614 semper
752 575 778 602 est
794 564 871 609 deditus,
886 575 916 601 aut

181 637 255 662 somno:
271 634 351 660 mentem
365 624 422 671 aperit
435 625 489 668 vitiiS,
505 634 521 660 et
535 624 618 670 clausum,
631 637 741 673 vacuamque
754 634 801 661 tenet
814 623 915 660 virtutibus.

181 683 271 720 Ociositas
279 683 366 719 incentrix
375 682 453 719 libidinis
463 683 497 719 cito
508 684 594 732 eatiuguir
604 683 692 720 fervorem
703 684 798 732 spiritualis
808 683 916 720 devotionis.

181 741 291 778 rlbstineutia
309 754 381 790 quoque
399 741 487 778 rrmrracho
501 740 550 778 valde
564 742 582 778 in
596 743 659 789 primis
677 752 703 778 est
721 743 825 788 necessaria,
841 752 860 778 ut
875 754 916 778 con-

181 803 253 838 scientia
271 812 373 850 permaneat
391 800 463 838 attttrtda.
477 802 529 847 Nam,
546 813 565 838 ut
578 801 630 838 divus
644 802 768 850 Hieronymus
786 803 819 845 ait,
838 801 916 850 repletus

181 870 242 897 venter
255 860 306 897 facile
321 862 415 909 despumat
430 862 447 897 in
460 860 560 898 libidinem:
576 872 592 897 et
606 862 636 909 qui
649 874 722 897 servum
736 874 788 897 sunm
804 862 859 898 nutrit
873 860 916 898 deli-

182 932 224 964 cate,
234 921 297 957 sentiet
307 933 348 957 eum
356 930 487 957 contumacem.
495 922 570 958 Arnattor
580 921 680 958 serenitatis
690 922 815 966 conscientiae,
824 921 841 957 iu
851 921 916 957 sanctis

181 980 291 1018 orationibus
304 982 327 1017 sit
342 981 447 1026 contiuuusg
463 982 547 1030 quoniam
561 982 606 1018 sicut
620 983 669 1018 canis
687 982 768 1029 lapidem,
783 983 806 1018 ita
819 980 915 1018 daemones

181 1042 251 1091 fugiunt
265 1042 356 1087 devotant,
371 1051 388 1078 et
401 1042 503 1078 continuam
516 1044 622 1079 emtionem.
632 1042 724 1080 Accidiam
738 1055 809 1092 quoque
822 1041 916 1091 diligenter

181 1111 247 1147 caveat,
261 1101 314 1138 simul
328 1111 345 1138 et
358 1102 424 1138 mentis
440 1102 539 1147 tristitiam,
554 1115 632 1151 mosque
645 1113 664 1139 ut
679 1103 755 1152 aliquam
773 1115 842 1150 serpere
860 1111 916 1138 tenta-

180 1163 247 1199 tionem
257 1162 338 1203 senserit,
348 1161 369 1198 ad
384 1160 525 1198 consolationem
535 1162 663 1209 scripturarum
677 1160 740 1198 lrabeat
749 1174 846 1198 recursum.
857 1161 915 1197 Enim-

180 1234 222 1258 vero
236 1231 320 1264 mentem,
331 1234 384 1271 quam
394 1222 428 1257 Dei
442 1233 500 1258 sermo
515 1222 614 1269 repleverit,
625 1223 683 1270 turpis
698 1222 782 1270 cogitatio
792 1235 828 1258 nou
837 1221 915 1258 intrabit.

180 1280 271 1330 Quicquid
284 1281 359 1329 agimus,
374 1280 459 1328 quicquid
473 1282 577 1330 cogitamus,
591 1280 791 1329 quicquidoperamur,
802 1281 835 1317 Dei
844 1293 914 1329 semper

180 1342 256 1377 sciamus
269 1340 331 1377 adesse
345 1341 470 1388 praesentiam,
481 1349 498 1376 et
510 1340 625 1377 inordinatam
641 1339 693 1377 iacile
706 1339 827 1388 superabimus
841 1339 915 1376 delecta-

180 1399 253 1435 tionem.
267 1399 382 1435 Conscientia
399 1398 444 1435 bona
458 1399 491 1434 Dei
509 1400 626 1446 praesentiam
644 1412 735 1449 nimquam
754 1398 870 1443 obliviscitur,
884 1398 915 1434 sed

181 1459 257 1495 iudicem
270 1470 341 1506 semper
354 1457 416 1494 adesse
426 1470 476 1494 suum
488 1457 588 1495 meditatur.
599 1458 652 1507 agite
661 1472 709 1506 npuc
719 1459 780 1495 fratres
789 1459 831 1503 mei,
840 1468 860 1493 ut
873 1470 915 1494 cou-

181 1517 262 1554 scientias
271 1517 352 1553 habeatis
362 1530 415 1565 puras
425 1515 445 1553 ab
455 1518 504 1554 omui
512 1517 586 1554 scelere:
597 1527 615 1553 et
625 1518 639 1554 si
649 1518 689 1566 quis
698 1528 790 1565 gravatum
800 1530 818 1553 se
828 1517 845 1553 in
855 1516 914 1565 aliquo

180 1576 244 1613 delicto
258 1576 338 1619 senserit,
353 1588 385 1624 per
398 1588 458 1612 veram
476 1577 604 1625 poenitentiam
618 1577 656 1613 sine
670 1589 721 1618 nrora
736 1577 837 1612 revertatur
847 1575 869 1612 ad
882 1589 915 1612 ne-

180 1636 273 1672 cessariam
284 1636 388 1683 puritatem.>
400 1635 439 1672 Nisi
453 1636 500 1672 enim
514 1635 631 1673 conscientias
645 1637 696 1672 orarui
709 1646 789 1684 tempore
803 1635 886 1678 mundas,
897 1645 914 1671 et

158 1711 159 1714 ¹
180 1695 235 1732 bonas
249 1693 353 1740 habueritis,
363 1704 466 1743 apostatae,
480 1708 516 1733 non
530 1696 612 1732 monachi
626 1696 691 1732 vivitis,

89 2277 158 2303 Medita-

72 2312 94 2339 rio
112 2312 158 2338 mortis

71 2355 110 2381 quam
120 2347 159 2380 plena

71 2381 122 2416 frugis
133 2382 158 2412 bo·

70 2424 99 2442 nae.
156 2421 157 2425 ¹

294 1825 319 1854 De
330 1826 352 1855 ad
360 1826 428 1855 raroa‘terrr
436 1826 562 1862 praeparatione
573 1826 651 1855 carriirraa.
663 1826 735 1855 Haarr'lia
746 1826 799 1855 XXV.
841 1821 844 1824 ’

180 1941 263 2029 Solium
278 1933 399 1972 claustralium
413 1934 532 1982 philosophia,
546 1934 608 1971 iratres
622 1936 658 1971 mei
672 1935 778 1979 charissimi,
790 1935 873 1971 continua
887 1944 914 1970 est

221 1994 312 2030 meditatio
327 1994 396 2030 mortis.
406 1994 453 2030 Hinc
462 1994 533 2042 quidam
543 1995 612 2042 sapiens
622 1994 719 2031 utilitatem
734 1994 846 2030 considerans
860 1993 912 2030 huius

180 2053 309 2101 philosophiae,
323 2052 421 2103 quemlibet
434 2052 526 2090 admonuit
544 2053 638 2090 mortalem
654 2054 723 2091 ilicem:
737 2054 837 2091 Memorare
854 2053 914 2090 novis-

179 2114 224 2150 sima
236 2123 272 2159 tua,
287 2114 335 2150 etin
349 2122 441 2157 aeternum
454 2126 491 2149 non
506 2113 592 2162 peccabis.
606 2113 700 2151 Metlitatio
718 2113 780 2150 mortis
798 2113 890 2150 hominem
904 2126 914 2148 a

179 2172 300 2221 voluptatibus
315 2174 372 2209 caruis
382 2172 461 2218 retrahit,
475 2183 492 2209 et
505 2182 628 2221 contemptum
639 2174 721 2209 omnium
733 2172 874 2221 corruptibilium
889 2173 914 2208 in·
950 2202 952 2204 .

179 2232 233 2269 ducit.
247 2232 430 2277 MeditatiomortiS,
448 2234 545 2280 praesentia
562 2232 663 2269 voluntaria
680 2241 783 2280 paupertate
801 2231 880 2279 despicit,
897 2242 913 2268 et

179 2302 257 2329 mentem
271 2291 292 2328 ad
305 2291 408 2328 futurorum
423 2290 529 2328 desiderium
544 2291 625 2339 impellit„
636 2290 728 2328 Meditatio
738 2292 801 2327 rnortis
813 2290 912 2340 superbiam

179 2352 241 2400 procul
251 2351 336 2396 eliminat,
352 2361 369 2387 et
382 2362 444 2387 veram
454 2350 571 2387 humilitatem
585 2352 602 2387 iu
617 2350 670 2387 corde
680 2351 782 2387 meditantis
792 2350 864 2399 plantat.
874 2350 912 2386 Me-

180 2410 241 2447 ditatio
255 2410 441 2447 mortismonachum
455 2410 500 2446 circa
514 2410 643 2447 observantiam
657 2409 743 2458 regularis
757 2409 858 2458 disciplinae
872 2410 913 2446 facit

179 2470 281 2515 sollicitum,
292 2480 309 2506 et
322 2482 414 2519 tltlnquam
428 2470 515 2518 permittit
525 2483 562 2507 esse
572 2472 659 2507 ociosum.
670 2469 764 2506 llleditatio
778 2470 840 2506 mortis
850 2483 912 2507 ortrnes

179 2529 239 2567 mundi
253 2530 340 2566 vanitates
354 2539 440 2577 aruputat,
450 2540 467 2566 et
476 2539 553 2567 mentem
568 2531 585 2566 in
598 2542 669 2566 sununa
683 2530 799 2577 temperantia
813 2539 911 2566 conservat.

179 2587 272 2625 hletlitatio
285 2589 349 2624 rnortis
359 2600 420 2631 vanos,
432 2597 448 2625 et
458 2589 569 2626 transitorios
578 2589 640 2626 rnuudi
649 2588 728 2625 honores
738 2587 779 2625 facit
793 2597 911 2632 contemnere,

180 2656 196 2683 et
209 2647 253 2683 nihil
266 2646 319 2692 alind,
335 2660 388 2696 qnam
402 2648 483 2683 luttrrum
497 2648 530 2684 Dei
542 2647 628 2685 iudicium
643 2648 728 2696 cogitare.
742 2647 835 2685 Meditatio
848 2648 912 2684 mortis
