1968 3023
402 146 479 185 Humilia
495 147 535 184 ΧΠ.
809 146 830 193 83

96 229 203 267 iuravimus:
217 242 254 266 uon
267 228 309 265 licet
322 227 375 264 alicui
387 237 470 265 nostrum
483 226 601 272 retrocedere,
610 225 638 262 vel
651 224 717 274 aliquid
729 225 747 261 in
762 234 831 262 contra-

97 289 144 325 rium
157 298 250 326 attentare.
265 288 317 333 Quae
330 287 375 325 foris
388 286 415 325 vel
429 286 499 331 audisti,
509 286 537 323 vel
551 286 596 323 vidis
606 286 617 332 i,
631 285 674 322 foris
687 295 780 330 maneant,
794 283 830 321 noli

96 361 178 386 reversus
191 348 212 386 de
225 351 255 386 via
268 347 350 385 fratribus
364 347 429 385 inferre
441 347 546 391 novitatem,
560 361 583 384 ne
596 347 683 383 mentium
698 345 755 394 parias
769 345 831 381 distra-

97 409 180 446 ctionem.
195 409 231 453 Qui
246 410 297 446 timet
311 408 418 453 Dominum,
428 406 500 457 regulae
509 406 592 444 mandata
602 404 688 442 custodit:
703 414 727 450 et,
742 405 772 454 qui
786 417 832 441 ama-

97 476 126 504 tor
138 478 165 504 est
174 468 283 518 disciplinae,
292 480 362 516 semper
371 478 450 504 maturus
460 467 531 504 incedit.
545 466 613 504 Stultus
623 465 640 501 in
650 464 678 501 via
686 464 769 513 gradiens
778 463 831 501 verba

98 526 209 575 multiplicat,
224 518 241 564 et
255 528 336 564 omnium
351 528 440 564 montium
453 525 538 564 vocabula
552 525 631 575 inquirit.
649 524 709 561 Frater
723 533 783 560 autern
799 522 831 559 hu-

97 585 144 622 milis
158 599 199 623 cum
212 587 251 624 Deo
265 586 341 636 loquens
354 588 372 624 in
386 585 489 624 abscondito
501 586 565 630 cordis
579 586 644 623 tacenti
658 582 768 630 estsimilis,
783 593 800 620 et
813 583 831 619 in

97 658 129 681 sua
142 645 256 695 simplicitate
271 646 351 683 exultans
365 646 450 696 graditur.
466 645 557 695 Quicquid
574 655 644 694 patrum
659 644 764 681 constitutio
781 656 831 680 man-

98 703 155 749 davit,
169 704 306 753 diligentissime
323 705 435 751 considerat3
449 715 467 742 et
484 705 585 753 ubicunque
598 703 660 747 fuerit,
674 704 734 741 omnia
752 702 832 739 studiose

98 774 196 801 conservat.
210 764 316 811 Monachus,
329 765 359 813 qui
373 764 450 802 directus
464 766 482 802 in
491 765 546 811 viam,
556 778 575 802 se
585 763 679 809 mundum,
693 775 709 800 et
723 776 788 812 purum
802 776 831 799 cu-

97 822 171 859 stodivit
185 821 205 859 ab
219 823 269 860 omni
283 823 352 860 macula
366 823 436 871 culpae,
450 823 506 860 laetus
520 823 541 860 ad
555 824 684 860 monasterium
698 823 800 868 revertitur,
815 835 831 859 et

98 883 148 930 quasi
161 882 215 918 maris
229 884 304 919 evaserit
321 882 426 932 periculum,
440 882 461 919 ad
478 893 551 931 portum
565 883 629 932 quietis
645 883 734 930 suspirans
753 881 830 920 festinat.

98 941 136 985 Qui
149 952 208 978 autem
226 941 303 990 perdidit
317 942 452 986 verecundiam,
466 943 544 979 insolens
559 942 615 979 factus
629 951 665 987 est,
678 952 694 979 et
709 943 758 991 quasi
774 942 831 978 iturus

98 1001 119 1038 ad
134 1013 231 1047 carcerem,
245 1001 306 1044 tristis,
317 1014 436 1050 moerensque
445 1002 549 1050 regreditur.
563 1002 665 1038 Amicitiam
679 1001 785 1038 secularium
799 1000 831 1038 ho-

99 1060 168 1097 minum
185 1074 236 1098 vetus
250 1061 317 1099 Christi
331 1061 430 1098 monachus
443 1074 479 1098 non
497 1062 575 1110 quaerit,
588 1074 620 1098 nec
634 1071 687 1106 amat,
702 1059 732 1097 sed
746 1060 831 1109 despicit:

98 1119 128 1168 qui
141 1128 200 1156 autem
211 1119 350 1156 familiaritatem
360 1120 474 1157 dissimilium
484 1119 597 1170 multiplicat,
606 1118 691 1168 paulatim
701 1119 766 1157 decidit
775 1133 784 1156 a
794 1133 832 1169 pro·

98 1179 158 1227 posito
172 1180 277 1216 sanctitatis.
291 1178 467 1217 Maledictushomo
480 1179 585 1226 claustralis,
601 1180 630 1229 qui
644 1180 694 1228 ponit
703 1179 720 1215 in
730 1178 832 1217 hominibus

100 1236 226 1275 confidentiam
240 1251 301 1284 suam,
315 1249 332 1276 et
345 1239 419 1276 recessit
432 1253 441 1276 a
454 1239 534 1277 Domino
548 1239 586 1276 Deo
600 1251 631 1275 cor
644 1239 687 1276 eius.
701 1239 742 1276 Non
759 1251 832 1288 quaeras

98 1296 185 1333 amicitias
198 1296 305 1341 hominum,
317 1297 350 1334 -sed
366 1311 414 1343 cura,
428 1308 447 1335 ut
461 1296 576 1335 invisibilium
593 1298 706 1347 consequaris
721 1298 832 1335 consortium

99 1357 209 1405 angelorum.
222 1357 264 1394 Non
281 1358 389 1394 conveniunt
404 1357 494 1394 nronacho
509 1356 611 1407 frequentes
626 1357 712 1393 amicitiae
725 1356 834 1401 mortalium,

99 1426 130 1462 per
143 1428 192 1464 quas,
202 1424 219 1451 et
228 1416 279 1464 vigor
293 1416 357 1453 mentis
372 1415 474 1460 resolvitur,
488 1426 505 1452 et
517 1428 572 1452 vanae
582 1415 708 1463 occupationes
721 1416 832 1463 ingeruntur.

98 1474 145 1511 Nam
163 1474 209 1510 sicut
227 1474 337 1511 stillicidium
355 1474 411 1523 longo
429 1471 510 1523 tempore
527 1484 577 1511 cavat
594 1473 683 1523 lapidera,
700 1475 781 1523 quamvis
802 1474 832 1511 du-

98 1545 144 1576 rum,
159 1543 176 1570 et
189 1533 275 1580 solidum,
289 1534 314 1570 sic
327 1534 383 1571 nimia
396 1534 501 1571 secularium
516 1534 610 1571 hominum
624 1533 734 1571 familiaritas
748 1533 832 1582 paulatim

98 1592 177 1641 rigorem
191 1592 260 1630 emollit
273 1593 400 1630 monasticum.
415 1593 525 1631 Clraritatem
539 1592 604 1630 habeto
619 1593 640 1630 ad
654 1605 727 1638 omnes,
736 1592 832 1630 vfamiliari-

98 1660 154 1688 tatem
163 1664 207 1688 vero
216 1651 237 1688 ad
251 1664 323 1701 paucos.
338 1651 375 1696 Qui
388 1653 446 1689 Deum
459 1652 513 1689 habet
522 1652 606 1696 amicum,
620 1651 671 1689 facile
682 1652 776 1689 hominum
790 1665 832 1689 con-

98 1711 162 1748 temnit
175 1711 322 1749 familiaritatem:
337 1720 364 1758 et,
377 1712 407 1760 qui
421 1724 461 1748 curn
476 1711 541 1760 angelis
559 1711 647 1761 loquitur,
662 1711 764 1748 mortalium
779 1711 833 1749 collo-

98 1771 144 1820 quiis
162 1771 236 1807 minime
250 1770 354 1808 delectatur.
373 1770 449 1815 Quoties
464 1772 481 1808 iu
494 1772 523 1808 via
536 1772 608 1819 signnm
622 1770 721 1808 dominicae
735 1771 832 1818 passionis,

98 1839 128 1866 aut
142 1828 220 1866 crucifixi
235 1831 354 1878 conspexeris,
368 1844 404 1868 non
418 1841 527 1879 praetereas,
542 1831 576 1867 nisi
590 1831 643 1867 dicas.
657 1831 697 1879 Ago
711 1830 742 1867 tibi
756 1832 832 1879 gratim,

98 1890 177 1926 Domine
194 1889 234 1925 Iesu
248 1888 329 1933 Christe,
343 1901 376 1937 pro
390 1889 451 1926 dolore
466 1889 558 1927 vulnerum
577 1900 662 1935 tuorum,
677 1902 709 1938 pro
725 1890 832 1926 sanctissimi

99 1949 190 1998 sanguinis
204 1948 230 1985 tul
244 1948 336 1992 effusione,
347 1958 363 1985 et
378 1961 410 1997 pro
420 1960 479 1986 morte
492 1959 522 1985 tua
536 1949 692 1993 innocentissima,
706 1962 759 1998 quam
773 1950 791 1985 in
805 1962 833 1986 ara

100 2009 157 2045 crucis
171 2007 271 2044 sustinuisti
284 2019 317 2057 pro
330 2007 391 2046 nobis:
406 2017 422 2044 et
436 2020 480 2057 rogo
494 2019 511 2045 te
525 2021 646 2057 peramarum
661 2009 762 2057 passionem
776 2018 832 2053 tuam,

99 2067 185 2104 miserere
199 2067 235 2103 mei
248 2079 301 2113 nunc,
311 2077 329 2104 et
342 2066 359 2102 in
369 2067 460 2104 tremenda
473 2068 518 2104 hora
527 2069 591 2104 mortis
605 2080 661 2104 meae.
674 2068 724 2104 Hanc
734 2068 833 2104 orationem

99 2125 222 2164 brevissimam
236 2127 307 2174 saepius
320 2127 365 2163 inter
379 2126 456 2163 eundum
466 2126 539 2174 replica,
548 2136 565 2163 et
574 2140 665 2176 nunquam
679 2136 778 2176 praetereas
792 2128 834 2163 ima·

99 2188 159 2237 ginem
173 2184 263 2231 crucifixi,
277 2186 312 2223 nisi
324 2187 390 2236 gratias
404 2186 460 2234 egeris
474 2186 562 2223 salvatori.
580 2186 622 2224 Non
640 2186 735 2223 contendas
750 2199 789 2222 cum
804 2200 832 2232 eo,

99 2246 129 2295 qui
142 2256 203 2282 tecum
216 2246 272 2282 invia
285 2244 373 2294 graditur,
386 2257 408 2282 ne
418 2255 478 2283 contra
493 2255 510 2282 te
519 2258 599 2282 reversus
613 2245 634 2282 ad
648 2246 777 2282 monasterium
791 2246 833 2283 mali

100 2306 195 2355 quicquam
214 2305 316 2342 mentiatur.
333 2304 370 2348 Qui
387 2305 456 2341 socium
475 2304 543 2342 itineris
560 2305 581 2342 ad
597 2304 725 2353 impatientiam
742 2316 834 2353 provocat,

100 2365 150 2414 quasi
164 2364 194 2413 qui
209 2376 270 2400 canem
284 2362 372 2401 furiosum
387 2362 459 2400 verbere
471 2363 563 2411 compellit
577 2364 598 2401 ad
611 2363 717 2401 latrandum,
731 2364 833 2400 Mansuetu-

100 2425 140 2462 dine
153 2424 230 2461 vincitur
247 2422 346 2471 improbus,
359 2432 376 2460 et
390 2423 419 2472 qui
435 2422 508 2460 lrunrilis
522 2433 548 2460 est
562 2423 621 2467 corde,
634 2423 704 2471 mitigat
718 2423 778 2459 animo
793 2435 834 2459 con-

100 2486 180 2522 citatum.
194 2483 214 2519 ln
231 2482 291 2520 medio
305 2482 412 2519 secularium
430 2482 525 2519 hominum
542 2495 579 2519 non
589 2481 671 2519 'elfrnrdas
689 2494 798 2528 sermonem,
812 2495 834 2519 ne

101 2544 147 2581 forte
157 2552 218 2580 contra
232 2551 249 2578 te
259 2552 331 2578 sumant
344 2541 451 2579 irrisionem.
466 2541 587 2590 Mesopolium
602 2542 650 2590 loqui
665 2540 710 2578 bona
720 2542 835 2579 concedimus

101 2604 147 2640 inter
160 2602 238 2645 iuvenes,
248 2602 279 2650 qui
292 2610 352 2638 autem
366 2600 425 2637 minor
439 2611 465 2637 est
479 2601 547 2647 ordine,
558 2598 616 2637 audiat
630 2600 686 2637 illum.
700 2601 765 2637 Arator
779 2598 835 2637 lassus

101 2662 173 2699 festinat
186 2660 207 2698 ad
221 2660 307 2710 requiem,
318 2670 335 2697 et
344 2659 442 2697 monachus
457 2661 524 2710 integer
538 2660 605 2706 animo,
616 2672 688 2697 currens
699 2659 756 2697 devia
766 2659 787 2696 ad
801 2660 835 2696 cel-

874 948 940 975 Monaclro

851 984 883 1010 nihil
892 984 909 1011 sit
917 992 941 1024 pe-

852 1028 876 1054 que
895 1027 940 1044 ulmtr-

852 1055 877 1080 riae
898 1061 940 1087 aeque

858 1096 933 1115 commerear

852 1131 882 1149 cunr
891 1122 940 1148 secula-

852 1158 891 1184 ribus.

867 1773 942 1807 Actiogra-

853 1807 900 1848 riarum
910 1816 941 1842 quo·

853 1848 878 1867 tres
893 1844 906 1869 in
921 1844 942 1869 uia

853 1884 912 1904 occurret
925 1879 941 1903 si-

853 1921 894 1945 gnum
912 1921 941 1938 cru-

853 1947 875 1973 cis⁴
