1968 3023
85 579 120 606 'forr
129 580 147 605 vi-

60 620 72 638 ra
87 615 147 640 nronaciri

60 650 111 683 proprie
117 658 147 683 qua·

60 685 148 718 dragesimi

59 720 103 745 ieiunii
122 721 147 746 ob-

60 755 116 781 servatio
124 761 147 781 est.

172 205 205 230 rro
343 195 370 232 Dr
383 195 522 245 quadragesimali
534 196 594 233 ieiunio
609 196 730 234 irrotrorltorrrtn.

169 276 219 320 meis,
230 271 305 323 nequeo,
315 286 398 323 proterea
412 275 510 325 quodcum
523 277 548 313 rei
558 275 642 313 secularis
656 276 731 313 nimium
741 275 838 324 compellor
848 289 901 314 occu—

168 334 210 382 pari.
220 333 271 371 Unde
285 332 336 371 iestis
349 335 408 373 solnm
420 334 487 380 diebus,
498 345 515 372 et
524 336 542 372 in
552 348 572 372 ea
582 346 632 383 parte
646 336 711 381 noetis,
721 348 774 385 quam
787 346 827 383 post
840 335 901 373 laudes

168 403 263 431 nocturnas
277 394 343 431 ducere
356 395 407 432 soleo
420 396 527 441 insomnem,
538 394 589 432 vobis
603 395 716 433 exhortandis
730 395 806 433 inservio
819 396 836 432 in
851 394 901 433 sche-

168 451 214 489 dulis
228 455 336 503 concipiens,
351 454 452 503 quaemihi
466 453 538 501 dicenda
552 464 654 491 occurrunt.
671 454 732 502 ltaque
745 453 850 491 hodiernam
864 454 901 491 col-

168 511 277 550 locutionem
294 514 315 551 de
334 514 395 562 regula
413 514 518 550 sanctissimi
537 514 591 561 patris
606 514 663 550 nostri
680 512 770 551 Benedicti
788 513 901 551 introducere

168 572 222 617 volni,
236 573 300 622 quide
314 572 463 623 quadragesimali
480 572 605 610 observatione
620 574 646 609 sic
661 572 711 610 dicit:
726 573 775 610 Licet
789 574 838 611 ornni
856 583 901 610 tem-

168 645 211 679 pore
225 633 260 668 vita
274 631 358 669 monachi
370 632 514 681 quadragesimae
529 631 592 669 debeat
602 631 746 669 observationem
759 631 829 677 habere,
839 641 899 670 tamen

168 692 208 739 quia
222 704 319 739 paucorum
333 701 359 728 est
372 692 405 728 ista
418 693 481 737 virtus,
493 691 533 729 ideo
547 691 643 728 suademus
657 692 696 728 istis
710 690 770 728 diebus
783 692 900 741 quadragesi-

168 764 206 787 mae
220 753 268 788 omni
282 752 359 799 puritate
373 753 428 788 vitam
442 765 492 788 suam
506 751 602 798 custodire,
614 764 712 801 omnesque
729 752 793 800 pariter
806 752 873 796 sordes,
883 763 901 789 et

168 810 283 860 negligentias
297 811 373 848 aliorum
387 821 489 859 temporum
503 812 530 848 his
544 811 605 848 diebus
623 811 688 848 sanctis
702 810 774 849 diluere.
788 811 843 855 Quod
859 821 901 849 tunc

168 870 220 920 digne
229 870 254 915 fit,
262 872 276 907 si
286 871 306 907 ab
314 871 398 908 omnibus
407 872 454 908 vitiis
464 882 591 920 temperemus
599 872 677 910 orationi
686 885 726 909 curn
735 871 813 918 fletibus,
821 872 900 919 lectioni,

168 940 185 967 et
199 932 334 980 compunctioni
348 932 405 968 cordis
420 944 490 980 operam
504 931 572 969 demus.
583 932 601 969 Si
615 944 713 981 paucorum
726 941 752 968 est
765 933 798 969 ista
808 933 870 973 virtus,
881 942 900 968 ut

131 1029 133 1034 ,
168 992 216 1028 omni
232 1000 314 1039 tempore
335 992 391 1028 vitam
411 990 531 1029 observantiae
552 1001 605 1039 agant
625 991 786 1041 quadragesimalis,
805 990 900 1028 manifeste

168 1049 203 1085 iam
217 1058 287 1085 constat
301 1061 368 1098 paucos
384 1050 402 1085 in
415 1047 501 1098 religione
514 1050 575 1086 vivere
593 1049 692 1086 monachos
706 1049 727 1086 ad
739 1049 830 1099 Evangelii
849 1051 899 1098 puri-

168 1118 227 1152 tatem,
238 1121 279 1145 cum
293 1119 387 1146 teneantur
397 1121 466 1154 omnes,
481 1109 511 1158 qui
525 1108 593 1145 Christi
606 1108 713 1157 profitentur
726 1107 815 1155 militiam,
826 1108 848 1145 ad
861 1121 900 1157 per-

167 1166 249 1204 fectionis
262 1167 332 1215 apicem
347 1178 431 1205 conatum
445 1180 496 1204 suurn
510 1168 591 1217 dirigere.
606 1168 706 1205 Monachus
720 1169 767 1205 enirn
781 1168 829 1205 iuxta
842 1168 901 1205 nomi-

167 1227 194 1264 nis
207 1228 234 1263 sui
248 1228 414 1277 interpretationem
432 1226 528 1273 solitarius,
547 1229 564 1264 in
580 1226 668 1264 coenobio
685 1237 727 1264 tunc
740 1237 786 1264 recte
800 1227 860 1264 vivere
878 1226 899 1264 ad

167 1286 282 1336 Evangelium
302 1296 320 1323 et
333 1287 422 1336 reguiam,
438 1299 489 1335 quarn
510 1285 603 1334 professus
618 1297 653 1332 est,
671 1287 756 1332 creditur,
774 1300 814 1323 curn
834 1287 900 1324 saecoli

167 1345 227 1391 rebus,
241 1338 294 1395 atque
308 1345 406 1384 honoribus
420 1358 452 1394 pto
466 1347 498 1391 Dei
514 1359 576 1383 amore
595 1347 709 1395 comtemptis
725 1347 742 1384 in
756 1347 805 1383 omni
822 1348 900 1396 puritate

168 1405 225 1443 cordis
245 1418 306 1442 coram
322 1406 367 1449 Deo,
382 1415 399 1442 et
412 1404 514 1442 hominibus
534 1415 655 1451 conversatur,
669 1407 686 1442 in
705 1419 758 1455 opere
776 1415 867 1453 strenuus,
882 1408 899 1444 in

167 1466 275 1514 cogitatione
289 1465 373 1510 mundus,
388 1466 405 1502 in
419 1478 501 1502 sermone
515 1478 585 1515 parcus,
595 1475 648 1514 atque
661 1464 750 1513 pacificus.
763 1466 813 1502 Haec
826 1475 853 1502 est
864 1467 899 1503 vita

167 1524 250 1561 monachi
263 1524 436 1574 quadragesimalem
449 1526 467 1561 in
480 1526 621 1573 omnitempore
635 1525 701 1562 habens
715 1524 850 1569 observantiam,
861 1539 899 1563 cor-

168 1597 200 1633 pus
214 1596 246 1632 pro
259 1584 293 1620 Dei
309 1596 370 1620 amore
385 1584 470 1633 castigare
487 1597 517 1632 per
535 1584 666 1631 abstinentiam⁷
680 1595 697 1620 et
713 1593 791 1621 mentem
807 1584 853 1622 alere
869 1599 900 1634 per

167 1643 258 1679 internam'
269 1643 432 1691 compunctionem.
447 1644 501 1681 Recte
514 1644 565 1688 vivit,
581 1644 612 1692 qui
625 1644 670 1680 iuste
684 1643 733 1689 vivit,
746 1644 775 1692 qui
788 1644 846 1681 Deum
861 1643 899 1681 dili·

167 1703 192 1752 git
205 1715 258 1751 super
273 1703 341 1748 omnia,
359 1703 388 1751 qui
402 1715 473 1740 summo
491 1702 555 1746 studio,
572 1715 677 1751 sunrmaque
695 1702 790 1751 diligentia,
804 1702 863 1740 verbis
882 1714 899 1741 et

166 1764 230 1799 sanctis
243 1761 327 1810 operibus
337 1761 383 1798 illius
394 1761 476 1799 observat
489 1761 577 1799 mandata.
587 1761 620 1798 Ille
630 1763 677 1799 eninr
687 1761 753 1799 Christi
762 1774 813 1799 verus
824 1771 850 1799 est
860 1776 898 1800 mo-

166 1822 238 1868 nachus,
248 1823 278 1871 qui
290 1821 384 1860 Christum
400 1822 442 1859 totis
455 1821 521 1858 vitibus
535 1822 622 1859 imitatur.
636 1821 654 1858 Si
668 1832 728 1858 autem
741 1822 818 1859 volueris
832 1823 900 1860 imitari

166 1882 257 1919 Christum
272 1896 282 1919 o
296 1881 390 1926 monache,
400 1895 444 1931 quae
458 1894 497 1918 snm
510 1882 590 1919 dicturus
604 1881 739 1930 diligentissime
755 1881 835 1919 observa.
849 1882 898 1931 Fuge

166 1941 260 1987 mnndum,
274 1951 290 1978 et
304 1943 365 1979 omnia
374 1941 436 1978 solatia
451 1942 512 1986 carnis,
526 1952 545 1978 ut
558 1953 599 1978 vere
609 1941 704 1988 solitarius
713 1954 751 1978 esse
765 1942 855 1979 merearis,
866 1940 900 1978 Co-

133 2040 134 2043 ,
164 2001 260 2049 gitationes
273 2014 333 2047 vanas,
342 2001 421 2046 inutiles,
432 2011 498 2050 turpes,
508 2011 561 2050 atque
570 2002 650 2045 nocivas,
666 2013 755 2050 nunquam
771 2001 789 2037 in
803 2000 898 2038 cordetuo
916 2039 917 2043 ,

165 2061 231 2098 morari
244 2062 348 2110 permittas,
363 2060 394 2097 sed
412 2061 468 2110 cogita
482 2073 552 2109 semper
566 2060 633 2109 aliquid
646 2059 698 2104 boni,
712 2070 729 2096 et
742 2059 841 2097 dominicae
859 2073 898 2108 pas-

164 2121 219 2159 sionis
232 2121 320 2158 memoria
334 2120 356 2156 de
370 2120 430 2156 animo
443 2129 474 2157 tuo
484 2132 582 2168 numquam
596 2119 671 2162 recedat,
681 2119 777 2167 quominus
789 2118 899 2167 pendentem

165 2183 182 2217 in
196 2194 246 2218 cruce
262 2180 362 2217 Dominum
376 2179 455 2228 quotidie
469 2192 508 2215 cum
522 2179 620 2228 gratiarum
634 2178 703 2214 actione
721 2177 823 2226 speculeris.
839 2178 897 2214 Deum

164 2239 195 2277 tibi
209 2248 321 2290 praesentem
335 2238 400 2287 ubique
414 2238 510 2281 considera,
525 2239 555 2287 qui
569 2236 625 2282 videt,
639 2237 695 2280 novit,
713 2246 729 2273 et
746 2236 830 2285 intelligit
848 2237 897 2286 quic-

164 2298 207 2348 quid
220 2298 247 2335 vel
261 2298 375 2347 cogitaveris,
386 2297 413 2334 vel
427 2306 509 2346 operatus
523 2297 587 2341 fueris,
602 2296 687 2345 quoniam
703 2295 746 2332 nihil
761 2305 786 2332 est
799 2294 823 2332 illi
839 2296 899 2332 occul·
922 2327 924 2330 .

164 2368 208 2395 tum.
222 2359 258 2395 Cor
271 2358 360 2395 rrrrrndum
375 2358 443 2394 custodi
460 2356 480 2394 ab
498 2359 548 2394 omni
566 2357 701 2404 inquinamento
715 2357 791 2404 peccati,
805 2365 822 2392 et
836 2369 899 2404 puram

163 2419 225 2455 habeto
240 2418 367 2455 conscientiam
382 2429 451 2464 semper
461 2418 478 2452 in
492 2429 534 2453 vero
549 2415 617 2453 Christi
632 2427 693 2451 amore
706 2414 808 2453 ferventem.
822 2415 898 2453 Nullum

163 2477 194 2514 tibi
208 2478 288 2515 ociosum
304 2476 363 2514 avolet
376 2487 453 2524 ternpus,
468 2476 497 2513 sed
512 2475 594 2512 inbonis
608 2473 692 2522 operibus
705 2487 776 2522 semper
789 2475 867 2511 inveniat
881 2485 898 2511 te

164 2538 246 2586 cogitatio
264 2531 383 2585 implicatum.
399 2535 505 2580 Somrrohe
523 2546 594 2583 torpeas
612 2533 679 2579 multo,
692 2543 709 2569 et
726 2532 746 2569 ab
763 2535 812 2571 omni
830 2534 898 2582 teporis

163 2595 217 2633 acidia
226 2595 289 2644 procul
298 2606 315 2632 te
325 2596 377 2633 facias
387 2595 470 2633 alienum.
480 2595 573 2638 Cibotum,
584 2605 601 2631 et
611 2604 663 2642 potus
675 2594 809 2641 temperantiam
819 2605 897 2640 capesse,

164 2664 180 2691 et
192 2665 258 2703 quanto
272 2655 318 2698 licet,
334 2656 404 2703 parcius
414 2654 475 2699 vivito,
485 2663 504 2690 ut
514 2665 578 2703 corpus
593 2652 685 2689 moderate
695 2660 812 2689 sustentatum
828 2652 898 2699 spiritui

162 2727 232 2762 semper
245 2715 262 2750 in
275 2714 377 2751 humilitate
390 2713 494 2759 subserviat,
504 2713 579 2749 minime
589 2722 650 2749 contra
659 2712 731 2748 rationis
745 2712 840 2760 imperium
856 2723 897 2747 con-
