<?xml version="1.0" encoding="UTF-8"?>
<!DOCTYPE html PUBLIC "-//W3C//DTD XHTML 1.0 Transitional//EN"
    "http://www.w3.org/TR/xhtml1/DTD/xhtml1-transitional.dtd">
<html xmlns="http://www.w3.org/1999/xhtml" xml:lang="en" lang="en">
 <head>
  <title>
</title>
<meta http-equiv="Content-Type" content="text/html;charset=utf-8" />
  <meta name='ocr-system' content='tesseract 3.04.00' />
  <meta name='ocr-capabilities' content='ocr_page ocr_carea ocr_par ocr_line ocrx_word'/>
</head>
<body>
  <div class='ocr_page' id='page_1' title='image "MN5032ucmf_2_0215.png"; bbox 0 0 1968 3023; ppageno 0'>
   <div class='ocr_carea' id='block_1_1' title="bbox 403 153 820 199">
    <p class='ocr_par' dir='ltr' id='par_1_1' title="bbox 403 153 820 199">
     <span class='ocr_line' id='line_1_1' title="bbox 403 153 820 199; baseline -0.012 -7"><span class='ocrx_word' id='word_1_1' title='bbox 403 155 459 193; x_wconf 74' lang='lat' dir='ltr'>Suum</span> <span class='ocrx_word' id='word_1_2' title='bbox 473 153 505 192; x_wconf 79' lang='lat' dir='ltr'>IV.</span> <span class='ocrx_word' id='word_1_3' title='bbox 786 161 820 199; x_wconf 77' lang='lat'>203</span> 
     </span>
    </p>
   </div>
   <div class='ocr_carea' id='block_1_2' title="bbox 87 229 824 875">
    <p class='ocr_par' dir='ltr' id='par_1_2' title="bbox 88 229 823 393">
     <span class='ocr_line' id='line_1_2' title="bbox 135 229 823 285; baseline -0.012 -11"><span class='ocrx_word' id='word_1_4' title='bbox 135 236 234 274; x_wconf 84' lang='lat' dir='ltr'>Hominum</span> <span class='ocrx_word' id='word_1_5' title='bbox 248 248 305 285; x_wconf 80' lang='lat' dir='ltr'>genus</span> <span class='ocrx_word' id='word_1_6' title='bbox 319 235 404 272; x_wconf 85' lang='lat' dir='ltr'>soliorum</span> <span class='ocrx_word' id='word_1_7' title='bbox 418 235 479 284; x_wconf 80' lang='lat' dir='ltr'>generi</span> <span class='ocrx_word' id='word_1_8' title='bbox 493 233 606 270; x_wconf 88' lang='lat' dir='ltr'>simiilirnum</span> <span class='ocrx_word' id='word_1_9' title='bbox 620 241 652 279; x_wconf 84' lang='lat' dir='ltr'>est,</span> <span class='ocrx_word' id='word_1_10' title='bbox 663 231 703 281; x_wconf 87' lang='lat' dir='ltr'>quia</span> <span class='ocrx_word' id='word_1_11' title='bbox 717 230 789 267; x_wconf 79' lang='lat' dir='ltr'>virescit</span> <span class='ocrx_word' id='word_1_12' title='bbox 803 229 823 266; x_wconf 86' lang='lat' dir='ltr'>ad</span> 
     </span>
     <span class='ocr_line' id='line_1_3' title="bbox 88 289 823 345; baseline -0.01 -12"><span class='ocrx_word' id='word_1_13' title='bbox 88 306 166 345; x_wconf 87' lang='lat' dir='ltr'>tempus,</span> <span class='ocrx_word' id='word_1_14' title='bbox 175 305 192 333; x_wconf 89' lang='lat' dir='ltr'>et</span> <span class='ocrx_word' id='word_1_15' title='bbox 205 296 222 332; x_wconf 93' lang='lat' dir='ltr'>in</span> <span class='ocrx_word' id='word_1_16' title='bbox 236 305 301 332; x_wconf 89' lang='lat' dir='ltr'>terram</span> <span class='ocrx_word' id='word_1_17' title='bbox 316 294 421 332; x_wconf 86' lang='lat' dir='ltr'>resoluitur:</span> <span class='ocrx_word' id='word_1_18' title='bbox 432 303 448 330; x_wconf 90' lang='lat' dir='ltr'>et</span> <span class='ocrx_word' id='word_1_19' title='bbox 462 306 495 330; x_wconf 86' lang='lat' dir='ltr'>uec</span> <span class='ocrx_word' id='word_1_20' title='bbox 508 292 572 329; x_wconf 85' lang='lat' dir='ltr'>foiium</span> <span class='ocrx_word' id='word_1_21' title='bbox 586 291 608 328; x_wconf 88' lang='lat' dir='ltr'>ad</span> <span class='ocrx_word' id='word_1_22' title='bbox 621 290 709 337; x_wconf 82' lang='lat' dir='ltr'>arborem,</span> <span class='ocrx_word' id='word_1_23' title='bbox 722 302 755 327; x_wconf 93' lang='lat' dir='ltr'>nec</span> <span class='ocrx_word' id='word_1_24' title='bbox 768 289 823 327; x_wconf 90' lang='lat' dir='ltr'>homo</span> 
     </span>
     <span class='ocr_line' id='line_1_4' title="bbox 88 355 292 393; baseline -0.005 -1"><span class='ocrx_word' id='word_1_25' title='bbox 88 355 109 392; x_wconf 92' lang='lat' dir='ltr'>ad</span> <span class='ocrx_word' id='word_1_26' title='bbox 123 355 178 393; x_wconf 86' lang='lat' dir='ltr'>uitam</span> <span class='ocrx_word' id='word_1_27' title='bbox 192 355 292 392; x_wconf 88' lang='lat' dir='ltr'>revertitur.</span> 
     </span>
    </p>

    <p class='ocr_par' dir='ltr' id='par_1_3' title="bbox 87 407 824 875">
     <span class='ocr_line' id='line_1_5' title="bbox 134 407 823 464; baseline -0.01 -13"><span class='ocrx_word' id='word_1_28' title='bbox 134 415 217 464; x_wconf 77' lang='lat' dir='ltr'>Sequitur</span> <span class='ocrx_word' id='word_1_29' title='bbox 230 415 265 451; x_wconf 87' lang='lat' dir='ltr'>iarn</span> <span class='ocrx_word' id='word_1_30' title='bbox 279 413 363 460; x_wconf 89' lang='lat' dir='ltr'>tertium,</span> <span class='ocrx_word' id='word_1_31' title='bbox 377 412 425 462; x_wconf 89' lang='lat' dir='ltr'>quod</span> <span class='ocrx_word' id='word_1_32' title='bbox 439 410 528 449; x_wconf 87' lang='lat' dir='ltr'>monacho</span> <span class='ocrx_word' id='word_1_33' title='bbox 542 411 559 447; x_wconf 93' lang='lat' dir='ltr'>in</span> <span class='ocrx_word' id='word_1_34' title='bbox 573 411 602 447; x_wconf 86' lang='lat' dir='ltr'>uia</span> <span class='ocrx_word' id='word_1_35' title='bbox 615 410 649 446; x_wconf 89' lang='lat' dir='ltr'>Dei</span> <span class='ocrx_word' id='word_1_36' title='bbox 664 407 760 446; x_wconf 75' lang='lat' dir='ltr'>ambulanti</span> <span class='ocrx_word' id='word_1_37' title='bbox 773 407 823 445; x_wconf 87' lang='lat' dir='ltr'>valde</span> 
     </span>
     <span class='ocr_line' id='line_1_6' title="bbox 87 467 823 522; baseline -0.011 -12"><span class='ocrx_word' id='word_1_38' title='bbox 87 483 131 522; x_wconf 93' lang='lat' dir='ltr'>puto</span> <span class='ocrx_word' id='word_1_39' title='bbox 144 472 269 509; x_wconf 88' lang='lat' dir='ltr'>necessarium.</span> <span class='ocrx_word' id='word_1_40' title='bbox 283 471 349 509; x_wconf 87' lang='lat' dir='ltr'>Omnis</span> <span class='ocrx_word' id='word_1_41' title='bbox 362 471 424 518; x_wconf 93' lang='lat' dir='ltr'>homo,</span> <span class='ocrx_word' id='word_1_42' title='bbox 435 470 465 520; x_wconf 86' lang='lat' dir='ltr'>qui</span> <span class='ocrx_word' id='word_1_43' title='bbox 478 470 597 518; x_wconf 88' lang='lat' dir='ltr'>semetipsum</span> <span class='ocrx_word' id='word_1_44' title='bbox 610 469 697 505; x_wconf 85' lang='lat' dir='ltr'>viatorem</span> <span class='ocrx_word' id='word_1_45' title='bbox 711 467 763 504; x_wconf 94' lang='lat' dir='ltr'>huius</span> <span class='ocrx_word' id='word_1_46' title='bbox 777 467 823 504; x_wconf 86' lang='lat' dir='ltr'>vitae</span> 
     </span>
     <span class='ocr_line' id='line_1_7' title="bbox 87 526 823 580; baseline -0.008 -11"><span class='ocrx_word' id='word_1_47' title='bbox 87 529 194 570; x_wconf 85' lang='lat' dir='ltr'>brevissimi</span> <span class='ocrx_word' id='word_1_48' title='bbox 202 531 286 580; x_wconf 92' lang='lat' dir='ltr'>temporis</span> <span class='ocrx_word' id='word_1_49' title='bbox 296 530 385 580; x_wconf 87' lang='lat' dir='ltr'>intelligit,</span> <span class='ocrx_word' id='word_1_50' title='bbox 395 543 414 567; x_wconf 88' lang='lat' dir='ltr'>se</span> <span class='ocrx_word' id='word_1_51' title='bbox 423 529 510 567; x_wconf 90' lang='lat' dir='ltr'>hurniiem</span> <span class='ocrx_word' id='word_1_52' title='bbox 520 529 538 565; x_wconf 93' lang='lat' dir='ltr'>in</span> <span class='ocrx_word' id='word_1_53' title='bbox 549 527 632 565; x_wconf 89' lang='lat' dir='ltr'>onmibus</span> <span class='ocrx_word' id='word_1_54' title='bbox 641 527 727 564; x_wconf 80' lang='lat' dir='ltr'>ueraciter</span> <span class='ocrx_word' id='word_1_55' title='bbox 741 526 823 564; x_wconf 79' lang='lat' dir='ltr'>ostendit.</span> 
     </span>
     <span class='ocr_line' id='line_1_8' title="bbox 87 586 824 642; baseline -0.012 -12"><span class='ocrx_word' id='word_1_56' title='bbox 87 593 115 630; x_wconf 81' lang='lat' dir='ltr'>Ad</span> <span class='ocrx_word' id='word_1_57' title='bbox 129 591 170 642; x_wconf 91' lang='lat' dir='ltr'>quid</span> <span class='ocrx_word' id='word_1_58' title='bbox 184 587 232 628; x_wconf 88' lang='lat' dir='ltr'>enim</span> <span class='ocrx_word' id='word_1_59' title='bbox 245 600 292 627; x_wconf 87' lang='lat' dir='ltr'>terra</span> <span class='ocrx_word' id='word_1_60' title='bbox 305 589 415 638; x_wconf 87' lang='lat' dir='ltr'>superbiret,</span> <span class='ocrx_word' id='word_1_61' title='bbox 429 600 446 627; x_wconf 90' lang='lat' dir='ltr'>et</span> <span class='ocrx_word' id='word_1_62' title='bbox 460 589 516 627; x_wconf 86' lang='lat' dir='ltr'>cinis?</span> <span class='ocrx_word' id='word_1_63' title='bbox 530 588 590 625; x_wconf 79' lang='lat' dir='ltr'>Elatus</span> <span class='ocrx_word' id='word_1_64' title='bbox 604 599 691 625; x_wconf 90' lang='lat' dir='ltr'>essenon</span> <span class='ocrx_word' id='word_1_65' title='bbox 705 586 780 636; x_wconf 88' lang='lat' dir='ltr'>poterit,</span> <span class='ocrx_word' id='word_1_66' title='bbox 794 586 824 634; x_wconf 92' lang='lat' dir='ltr'>qui</span> 
     </span>
     <span class='ocr_line' id='line_1_9' title="bbox 88 644 824 701; baseline -0.011 -12"><span class='ocrx_word' id='word_1_67' title='bbox 88 653 167 701; x_wconf 88' lang='lat' dir='ltr'>seipsum</span> <span class='ocrx_word' id='word_1_68' title='bbox 180 650 267 686; x_wconf 88' lang='lat' dir='ltr'>veraciter</span> <span class='ocrx_word' id='word_1_69' title='bbox 281 650 378 698; x_wconf 81' lang='lat' dir='ltr'>cognoscit.</span> <span class='ocrx_word' id='word_1_70' title='bbox 394 648 466 686; x_wconf 84' lang='lat' dir='ltr'>Nuilam</span> <span class='ocrx_word' id='word_1_71' title='bbox 481 648 542 685; x_wconf 79' lang='lat' dir='ltr'>iratres</span> <span class='ocrx_word' id='word_1_72' title='bbox 556 648 592 684; x_wconf 85' lang='lat' dir='ltr'>tuci</span> <span class='ocrx_word' id='word_1_73' title='bbox 606 659 677 683; x_wconf 91' lang='lat' dir='ltr'>causam</span> <span class='ocrx_word' id='word_1_74' title='bbox 690 644 776 682; x_wconf 91' lang='lat' dir='ltr'>habemus</span> <span class='ocrx_word' id='word_1_75' title='bbox 790 644 824 681; x_wconf 87' lang='lat' dir='ltr'>ela-</span> 
     </span>
     <span class='ocr_line' id='line_1_10' title="bbox 87 705 823 756; baseline -0.007 -11"><span class='ocrx_word' id='word_1_76' title='bbox 87 710 141 747; x_wconf 91' lang='lat' dir='ltr'>tionis</span> <span class='ocrx_word' id='word_1_77' title='bbox 154 719 171 745; x_wconf 93' lang='lat' dir='ltr'>et</span> <span class='ocrx_word' id='word_1_78' title='bbox 185 707 286 756; x_wconf 81' lang='lat' dir='ltr'>superbiae,</span> <span class='ocrx_word' id='word_1_79' title='bbox 300 706 331 745; x_wconf 90' lang='lat' dir='ltr'>sed</span> <span class='ocrx_word' id='word_1_80' title='bbox 346 707 450 744; x_wconf 89' lang='lat' dir='ltr'>humilitatis</span> <span class='ocrx_word' id='word_1_81' title='bbox 464 706 548 753; x_wconf 88' lang='lat' dir='ltr'>multam,</span> <span class='ocrx_word' id='word_1_82' title='bbox 562 715 615 755; x_wconf 88' lang='lat' dir='ltr'>atque</span> <span class='ocrx_word' id='word_1_83' title='bbox 629 705 743 743; x_wconf 90' lang='lat' dir='ltr'>continuam:</span> <span class='ocrx_word' id='word_1_84' title='bbox 758 705 823 754; x_wconf 90' lang='lat' dir='ltr'>quippe</span> 
     </span>
     <span class='ocr_line' id='line_1_11' title="bbox 87 765 824 818; baseline -0.008 -12"><span class='ocrx_word' id='word_1_85' title='bbox 87 770 117 818; x_wconf 91' lang='lat' dir='ltr'>qui</span> <span class='ocrx_word' id='word_1_86' title='bbox 133 779 179 805; x_wconf 88' lang='lat' dir='ltr'>terra</span> <span class='ocrx_word' id='word_1_87' title='bbox 196 771 269 811; x_wconf 84' lang='lat' dir='ltr'>sumus,</span> <span class='ocrx_word' id='word_1_88' title='bbox 284 776 300 803; x_wconf 91' lang='lat' dir='ltr'>et</span> <span class='ocrx_word' id='word_1_89' title='bbox 313 765 392 815; x_wconf 86' lang='lat' dir='ltr'>puiveris</span> <span class='ocrx_word' id='word_1_90' title='bbox 409 765 496 815; x_wconf 86' lang='lat' dir='ltr'>quaedam</span> <span class='ocrx_word' id='word_1_91' title='bbox 512 766 624 814; x_wconf 78' lang='lat' dir='ltr'>compactio,</span> <span class='ocrx_word' id='word_1_92' title='bbox 638 775 690 814; x_wconf 89' lang='lat' dir='ltr'>atque</span> <span class='ocrx_word' id='word_1_93' title='bbox 702 774 743 813; x_wconf 89' lang='lat' dir='ltr'>post</span> <span class='ocrx_word' id='word_1_94' title='bbox 758 776 824 812; x_wconf 89' lang='lat' dir='ltr'>paucos</span> 
     </span>
     <span class='ocr_line' id='line_1_12' title="bbox 87 820 823 875; baseline -0.008 -10"><span class='ocrx_word' id='word_1_95' title='bbox 87 829 124 865; x_wconf 89' lang='lat' dir='ltr'>dies</span> <span class='ocrx_word' id='word_1_96' title='bbox 138 828 202 864; x_wconf 90' lang='lat' dir='ltr'>iterum</span> <span class='ocrx_word' id='word_1_97' title='bbox 210 826 228 863; x_wconf 90' lang='lat' dir='ltr'>in</span> <span class='ocrx_word' id='word_1_98' title='bbox 237 825 439 875; x_wconf 85' lang='lat' dir='ltr'>puiveremreversuri.</span> <span class='ocrx_word' id='word_1_99' title='bbox 452 820 492 872; x_wconf 81' lang='lat' dir='ltr'>S&#39;ed,</span> <span class='ocrx_word' id='word_1_100' title='bbox 507 825 547 874; x_wconf 84' lang='lat' dir='ltr'>quia</span> <span class='ocrx_word' id='word_1_101' title='bbox 560 837 658 872; x_wconf 91' lang='lat' dir='ltr'>paucorum</span> <span class='ocrx_word' id='word_1_102' title='bbox 672 833 698 860; x_wconf 92' lang='lat' dir='ltr'>est</span> <span class='ocrx_word' id='word_1_103' title='bbox 711 835 752 860; x_wconf 81' lang='lat' dir='ltr'>vera</span> <span class='ocrx_word' id='word_1_104' title='bbox 765 823 823 860; x_wconf 91' lang='lat' dir='ltr'>humi·</span> 
     </span>
    </p>
   </div>
   <div class='ocr_carea' id='block_1_3' title="bbox 843 241 930 310">
    <p class='ocr_par' dir='ltr' id='par_1_4' title="bbox 843 241 930 310">
     <span class='ocr_line' id='line_1_13' title="bbox 843 241 930 276; baseline 0.011 -6"><span class='ocrx_word' id='word_1_105' title='bbox 843 241 855 267; x_wconf 76' lang='lat' dir='ltr'>te</span> <span class='ocrx_word' id='word_1_106' title='bbox 866 245 930 276; x_wconf 75' lang='lat' dir='ltr'>uiridem</span> 
     </span>
     <span class='ocr_line' id='line_1_14' title="bbox 843 285 930 310; baseline 0.011 -9"><span class='ocrx_word' id='word_1_107' title='bbox 843 285 885 310; x_wconf 77' lang='lat' dir='ltr'>getius</span> <span class='ocrx_word' id='word_1_108' title='bbox 907 287 930 306; x_wconf 65' lang='lat' dir='ltr'>est</span> 
     </span>
    </p>
   </div>
   <div class='ocr_carea' id='block_1_4' title="bbox 843 312 980 347">
    <p class='ocr_par' dir='ltr' id='par_1_5' title="bbox 843 312 980 347">
     <span class='ocr_line' id='line_1_15' title="bbox 843 312 980 347; baseline 0.029 -11"><span class='ocrx_word' id='word_1_109' title='bbox 843 312 931 347; x_wconf 86' lang='lat' dir='ltr'>homiuum,</span> <span class='ocrx_word' id='word_1_110' title='bbox 978 316 980 319; x_wconf 88' lang='lat'>&#39;</span> 
     </span>
    </p>
   </div>
   <div class='ocr_carea' id='block_1_5' title="bbox 842 347 931 412">
    <p class='ocr_par' dir='ltr' id='par_1_6' title="bbox 842 347 931 412">
     <span class='ocr_line' id='line_1_16' title="bbox 843 347 931 381; baseline 0.057 -10"><span class='ocrx_word' id='word_1_111' title='bbox 843 347 879 381; x_wconf 85' lang='lat' dir='ltr'>quale</span> <span class='ocrx_word' id='word_1_112' title='bbox 886 357 906 376; x_wconf 83' lang='lat' dir='ltr'>est</span> <span class='ocrx_word' id='word_1_113' title='bbox 911 350 931 376; x_wconf 81' lang='lat' dir='ltr'>io·</span> 
     </span>
     <span class='ocr_line' id='line_1_17' title="bbox 842 382 894 412; baseline 0.096 -5"><span class='ocrx_word' id='word_1_114' title='bbox 842 382 894 412; x_wconf 82' lang='lat' dir='ltr'>iioruur.</span> 
     </span>
    </p>
   </div>
   <div class='ocr_carea' id='block_1_6' title="bbox 87 884 894 934">
    <p class='ocr_par' dir='ltr' id='par_1_7' title="bbox 87 884 894 934">
     <span class='ocr_line' id='line_1_18' title="bbox 87 884 894 934; baseline -0.006 -10"><span class='ocrx_word' id='word_1_115' title='bbox 87 887 133 934; x_wconf 88' lang='lat' dir='ltr'>litas,</span> <span class='ocrx_word' id='word_1_116' title='bbox 147 886 213 923; x_wconf 88' lang='lat' dir='ltr'>idcirco</span> <span class='ocrx_word' id='word_1_117' title='bbox 227 887 256 922; x_wconf 88' lang='lat' dir='ltr'>via</span> <span class='ocrx_word' id='word_1_118' title='bbox 268 884 330 921; x_wconf 88' lang='lat' dir='ltr'>salutis</span> <span class='ocrx_word' id='word_1_119' title='bbox 348 894 422 933; x_wconf 80' lang='lat' dir='ltr'>angusta</span> <span class='ocrx_word' id='word_1_120' title='bbox 438 884 510 928; x_wconf 78' lang='lat' dir='ltr'>dicitur,</span> <span class='ocrx_word' id='word_1_121' title='bbox 524 894 541 921; x_wconf 89' lang='lat' dir='ltr'>et</span> <span class='ocrx_word' id='word_1_122' title='bbox 554 897 564 920; x_wconf 90' lang='lat' dir='ltr'>a</span> <span class='ocrx_word' id='word_1_123' title='bbox 577 885 638 932; x_wconf 90' lang='lat' dir='ltr'>paucis</span> <span class='ocrx_word' id='word_1_124' title='bbox 651 885 746 921; x_wconf 81' lang='lat' dir='ltr'>invenitur:</span> <span class='ocrx_word' id='word_1_125' title='bbox 759 884 824 921; x_wconf 89' lang='lat' dir='ltr'>Humi·</span> <span class='ocrx_word' id='word_1_126' title='bbox 863 913 873 931; x_wconf 43' lang='grc' dir='ltr'>ς,</span> <span class='ocrx_word' id='word_1_127' title='bbox 891 924 894 932; x_wconf 58' lang='lat'>,</span> 
     </span>
    </p>
   </div>
   <div class='ocr_carea' id='block_1_7' title="bbox 46 943 823 1171">
    <p class='ocr_par' dir='ltr' id='par_1_8' title="bbox 46 943 823 1171">
     <span class='ocr_line' id='line_1_19' title="bbox 86 943 823 994; baseline -0.005 -10"><span class='ocrx_word' id='word_1_128' title='bbox 86 947 136 984; x_wconf 90' lang='lat' dir='ltr'>litate</span> <span class='ocrx_word' id='word_1_129' title='bbox 149 945 252 994; x_wconf 86' lang='lat' dir='ltr'>peruenitur</span> <span class='ocrx_word' id='word_1_130' title='bbox 265 943 287 980; x_wconf 85' lang='lat' dir='ltr'>ad</span> <span class='ocrx_word' id='word_1_131' title='bbox 300 956 381 992; x_wconf 79' lang='lat' dir='ltr'>regnum3</span> <span class='ocrx_word' id='word_1_132' title='bbox 395 944 487 993; x_wconf 86' lang='lat' dir='ltr'>quoniam,</span> <span class='ocrx_word' id='word_1_133' title='bbox 499 943 569 980; x_wconf 84' lang='lat' dir='ltr'>dicente</span> <span class='ocrx_word' id='word_1_134' title='bbox 578 946 597 980; x_wconf 92' lang='lat' dir='ltr'>in</span> <span class='ocrx_word' id='word_1_135' title='bbox 610 953 671 981; x_wconf 90' lang='lat' dir='ltr'>sancto</span> <span class='ocrx_word' id='word_1_136' title='bbox 680 943 776 992; x_wconf 80' lang='lat' dir='ltr'>Evangelio</span> <span class='ocrx_word' id='word_1_137' title='bbox 786 944 823 980; x_wconf 89' lang='lat' dir='ltr'>Do-</span> 
     </span>
     <span class='ocr_line' id='line_1_20' title="bbox 87 1002 823 1053; baseline -0.003 -11"><span class='ocrx_word' id='word_1_138' title='bbox 87 1006 146 1049; x_wconf 89' lang='lat' dir='ltr'>mino,</span> <span class='ocrx_word' id='word_1_139' title='bbox 161 1005 230 1050; x_wconf 90' lang='lat' dir='ltr'>omnis,</span> <span class='ocrx_word' id='word_1_140' title='bbox 245 1004 274 1053; x_wconf 87' lang='lat' dir='ltr'>qui</span> <span class='ocrx_word' id='word_1_141' title='bbox 290 1016 309 1040; x_wconf 88' lang='lat' dir='ltr'>se</span> <span class='ocrx_word' id='word_1_142' title='bbox 327 1013 401 1053; x_wconf 91' lang='lat' dir='ltr'>propter</span> <span class='ocrx_word' id='word_1_143' title='bbox 413 1004 473 1039; x_wconf 90' lang='lat' dir='ltr'>Deum</span> <span class='ocrx_word' id='word_1_144' title='bbox 489 1003 588 1047; x_wconf 85' lang='lat' dir='ltr'>humilitat,</span> <span class='ocrx_word' id='word_1_145' title='bbox 603 1002 717 1050; x_wconf 76' lang='lat' dir='ltr'>exaitabitur,</span> <span class='ocrx_word' id='word_1_146' title='bbox 731 1013 748 1039; x_wconf 94' lang='lat' dir='ltr'>et</span> <span class='ocrx_word' id='word_1_147' title='bbox 762 1004 791 1052; x_wconf 93' lang='lat' dir='ltr'>qui</span> <span class='ocrx_word' id='word_1_148' title='bbox 804 1016 823 1040; x_wconf 88' lang='lat' dir='ltr'>se</span> 
     </span>
     <span class='ocr_line' id='line_1_21' title="bbox 46 1062 823 1111; baseline -0.005 -9"><span class='ocrx_word' id='word_1_149' title='bbox 46 1107 47 1111; x_wconf 13' lang='grc' dir='ltr'><strong>Ἰ</strong></span> <span class='ocrx_word' id='word_1_150' title='bbox 87 1064 159 1110; x_wconf 85' lang='lat' dir='ltr'>exaltat,</span> <span class='ocrx_word' id='word_1_151' title='bbox 172 1063 301 1100; x_wconf 86' lang='lat' dir='ltr'>humiliabitur.</span> <span class='ocrx_word' id='word_1_152' title='bbox 319 1064 400 1109; x_wconf 89' lang='lat' dir='ltr'>Quarto,</span> <span class='ocrx_word' id='word_1_153' title='bbox 413 1063 478 1099; x_wconf 89' lang='lat' dir='ltr'>viatori</span> <span class='ocrx_word' id='word_1_154' title='bbox 491 1062 581 1099; x_wconf 89' lang='lat' dir='ltr'>monacho</span> <span class='ocrx_word' id='word_1_155' title='bbox 595 1062 616 1100; x_wconf 89' lang='lat' dir='ltr'>ad</span> <span class='ocrx_word' id='word_1_156' title='bbox 630 1063 700 1100; x_wconf 91' lang='lat' dir='ltr'>coelum</span> <span class='ocrx_word' id='word_1_157' title='bbox 713 1075 784 1100; x_wconf 88' lang='lat' dir='ltr'>summe</span> <span class='ocrx_word' id='word_1_158' title='bbox 797 1073 823 1099; x_wconf 90' lang='lat' dir='ltr'>est</span> 
     </span>
     <span class='ocr_line' id='line_1_22' title="bbox 86 1121 823 1171; baseline 0 -12"><span class='ocrx_word' id='word_1_159' title='bbox 86 1123 212 1165; x_wconf 88' lang='lat' dir='ltr'>necessarium,</span> <span class='ocrx_word' id='word_1_160' title='bbox 222 1131 308 1171; x_wconf 87' lang='lat' dir='ltr'>quatenus</span> <span class='ocrx_word' id='word_1_161' title='bbox 318 1121 338 1158; x_wconf 91' lang='lat' dir='ltr'>ab</span> <span class='ocrx_word' id='word_1_162' title='bbox 353 1123 403 1158; x_wconf 87' lang='lat' dir='ltr'>omni</span> <span class='ocrx_word' id='word_1_163' title='bbox 416 1132 490 1170; x_wconf 91' lang='lat' dir='ltr'>peccato</span> <span class='ocrx_word' id='word_1_164' title='bbox 503 1134 522 1158; x_wconf 90' lang='lat' dir='ltr'>se</span> <span class='ocrx_word' id='word_1_165' title='bbox 536 1121 588 1158; x_wconf 86' lang='lat' dir='ltr'>faciat</span> <span class='ocrx_word' id='word_1_166' title='bbox 602 1121 691 1167; x_wconf 71' lang='lat' dir='ltr'>alienum,</span> <span class='ocrx_word' id='word_1_167' title='bbox 704 1122 788 1170; x_wconf 90' lang='lat' dir='ltr'>quoniam</span> <span class='ocrx_word' id='word_1_168' title='bbox 802 1122 823 1159; x_wconf 87' lang='lat' dir='ltr'>ad</span> 
     </span>
    </p>
   </div>
   <div class='ocr_carea' id='block_1_8' title="bbox 86 1181 878 1234">
    <p class='ocr_par' dir='ltr' id='par_1_9' title="bbox 86 1181 878 1234">
     <span class='ocr_line' id='line_1_23' title="bbox 86 1181 878 1234; baseline -0.003 -14"><span class='ocrx_word' id='word_1_169' title='bbox 86 1194 162 1231; x_wconf 83' lang='lat' dir='ltr'>regnum</span> <span class='ocrx_word' id='word_1_170' title='bbox 175 1182 209 1218; x_wconf 89' lang='lat' dir='ltr'>Dei</span> <span class='ocrx_word' id='word_1_171' title='bbox 222 1194 275 1218; x_wconf 91' lang='lat' dir='ltr'>nemo</span> <span class='ocrx_word' id='word_1_172' title='bbox 289 1182 425 1234; x_wconf 75' lang='lat' dir='ltr'>intromittitur,</span> <span class='ocrx_word' id='word_1_173' title='bbox 438 1181 473 1217; x_wconf 89' lang='lat' dir='ltr'>nisi</span> <span class='ocrx_word' id='word_1_174' title='bbox 489 1182 519 1229; x_wconf 91' lang='lat' dir='ltr'>qui</span> <span class='ocrx_word' id='word_1_175' title='bbox 533 1194 603 1218; x_wconf 88' lang='lat' dir='ltr'>summa</span> <span class='ocrx_word' id='word_1_176' title='bbox 617 1182 735 1219; x_wconf 90' lang='lat' dir='ltr'>conscientiae</span> <span class='ocrx_word' id='word_1_177' title='bbox 747 1183 824 1229; x_wconf 88' lang='lat' dir='ltr'>puritate</span> <span class='ocrx_word' id='word_1_178' title='bbox 876 1209 878 1214; x_wconf 56' lang='grc'>,</span> 
     </span>
    </p>
   </div>
   <div class='ocr_carea' id='block_1_9' title="bbox 42 1237 823 2483">
    <p class='ocr_par' dir='ltr' id='par_1_10' title="bbox 42 1237 823 2483">
     <span class='ocr_line' id='line_1_24' title="bbox 87 1237 823 1290; baseline 0 -12"><span class='ocrx_word' id='word_1_179' title='bbox 87 1242 228 1279; x_wconf 86' lang='lat' dir='ltr'>commendatur.</span> <span class='ocrx_word' id='word_1_180' title='bbox 241 1240 293 1277; x_wconf 87' lang='lat' dir='ltr'>Unde</span> <span class='ocrx_word' id='word_1_181' title='bbox 308 1242 374 1278; x_wconf 80' lang='lat' dir='ltr'>sanctis</span> <span class='ocrx_word' id='word_1_182' title='bbox 387 1237 491 1287; x_wconf 85' lang='lat' dir='ltr'>uirtutibus,</span> <span class='ocrx_word' id='word_1_183' title='bbox 506 1253 525 1277; x_wconf 90' lang='lat' dir='ltr'>ac</span> <span class='ocrx_word' id='word_1_184' title='bbox 537 1240 590 1278; x_wconf 90' lang='lat' dir='ltr'>bonis</span> <span class='ocrx_word' id='word_1_185' title='bbox 604 1241 687 1290; x_wconf 85' lang='lat' dir='ltr'>operibus</span> <span class='ocrx_word' id='word_1_186' title='bbox 702 1242 785 1278; x_wconf 84' lang='lat' dir='ltr'>continue</span> <span class='ocrx_word' id='word_1_187' title='bbox 795 1255 823 1278; x_wconf 93' lang='lat' dir='ltr'>or-</span> 
     </span>
     <span class='ocr_line' id='line_1_25' title="bbox 87 1300 823 1352; baseline 0.001 -15"><span class='ocrx_word' id='word_1_188' title='bbox 87 1302 145 1339; x_wconf 84' lang='lat' dir='ltr'>nanda</span> <span class='ocrx_word' id='word_1_189' title='bbox 153 1311 180 1338; x_wconf 88' lang='lat' dir='ltr'>est</span> <span class='ocrx_word' id='word_1_190' title='bbox 190 1302 307 1348; x_wconf 70' lang='lat' dir='ltr'>conscientia,</span> <span class='ocrx_word' id='word_1_191' title='bbox 322 1301 363 1350; x_wconf 87' lang='lat' dir='ltr'>quia</span> <span class='ocrx_word' id='word_1_192' title='bbox 376 1300 411 1336; x_wconf 84' lang='lat' dir='ltr'>iilis</span> <span class='ocrx_word' id='word_1_193' title='bbox 425 1301 516 1343; x_wconf 75' lang='lat' dir='ltr'>dumtaxat</span> <span class='ocrx_word' id='word_1_194' title='bbox 530 1301 607 1350; x_wconf 88' lang='lat' dir='ltr'>aperitur</span> <span class='ocrx_word' id='word_1_195' title='bbox 617 1301 692 1346; x_wconf 80' lang='lat' dir='ltr'>coelum,</span> <span class='ocrx_word' id='word_1_196' title='bbox 702 1304 731 1352; x_wconf 84' lang='lat' dir='ltr'>qui</span> <span class='ocrx_word' id='word_1_197' title='bbox 746 1316 778 1351; x_wconf 94' lang='lat' dir='ltr'>pro</span> <span class='ocrx_word' id='word_1_198' title='bbox 789 1303 823 1339; x_wconf 87' lang='lat' dir='ltr'>Dei</span> 
     </span>
     <span class='ocr_line' id='line_1_26' title="bbox 87 1360 823 1411; baseline 0 -12"><span class='ocrx_word' id='word_1_199' title='bbox 87 1374 148 1399; x_wconf 86' lang='lat' dir='ltr'>amore</span> <span class='ocrx_word' id='word_1_200' title='bbox 162 1361 262 1410; x_wconf 88' lang='lat' dir='ltr'>despiciunt</span> <span class='ocrx_word' id='word_1_201' title='bbox 275 1360 369 1397; x_wconf 83' lang='lat' dir='ltr'>muradum.</span> <span class='ocrx_word' id='word_1_202' title='bbox 378 1360 425 1397; x_wconf 89' lang='lat' dir='ltr'>Hinc</span> <span class='ocrx_word' id='word_1_203' title='bbox 438 1361 502 1397; x_wconf 88' lang='lat' dir='ltr'>Petrus</span> <span class='ocrx_word' id='word_1_204' title='bbox 516 1361 582 1397; x_wconf 87' lang='lat' dir='ltr'>Christi</span> <span class='ocrx_word' id='word_1_205' title='bbox 596 1361 718 1398; x_wconf 89' lang='lat' dir='ltr'>sanctissimus</span> <span class='ocrx_word' id='word_1_206' title='bbox 732 1363 823 1411; x_wconf 86' lang='lat' dir='ltr'>archiapo-</span> 
     </span>
     <span class='ocr_line' id='line_1_27' title="bbox 86 1418 822 1469; baseline 0 -11"><span class='ocrx_word' id='word_1_207' title='bbox 86 1422 143 1458; x_wconf 92' lang='lat' dir='ltr'>stolus</span> <span class='ocrx_word' id='word_1_208' title='bbox 152 1422 170 1457; x_wconf 90' lang='lat' dir='ltr'>in</span> <span class='ocrx_word' id='word_1_209' title='bbox 179 1420 253 1469; x_wconf 77' lang='lat' dir='ltr'>epistola</span> <span class='ocrx_word' id='word_1_210' title='bbox 262 1418 338 1456; x_wconf 87' lang='lat' dir='ltr'>secunda</span> <span class='ocrx_word' id='word_1_211' title='bbox 348 1419 401 1456; x_wconf 89' lang='lat' dir='ltr'>dicit:</span> <span class='ocrx_word' id='word_1_212' title='bbox 415 1420 454 1456; x_wconf 82' lang='lat' dir='ltr'>Vos</span> <span class='ocrx_word' id='word_1_213' title='bbox 463 1429 524 1456; x_wconf 90' lang='lat' dir='ltr'>autem</span> <span class='ocrx_word' id='word_1_214' title='bbox 535 1432 609 1456; x_wconf 91' lang='lat' dir='ltr'>onmem</span> <span class='ocrx_word' id='word_1_215' title='bbox 619 1432 680 1457; x_wconf 92' lang='lat' dir='ltr'>curam</span> <span class='ocrx_word' id='word_1_216' title='bbox 694 1419 822 1462; x_wconf 78' lang='lat' dir='ltr'>subinferentes</span> 
     </span>
     <span class='ocr_line' id='line_1_28' title="bbox 85 1478 822 1526; baseline 0.001 -10"><span class='ocrx_word' id='word_1_217' title='bbox 85 1481 186 1516; x_wconf 85' lang='lat' dir='ltr'>ruinistrate</span> <span class='ocrx_word' id='word_1_218' title='bbox 205 1480 223 1515; x_wconf 95' lang='lat' dir='ltr'>in</span> <span class='ocrx_word' id='word_1_219' title='bbox 242 1478 277 1515; x_wconf 83' lang='lat' dir='ltr'>fide</span> <span class='ocrx_word' id='word_1_220' title='bbox 295 1488 355 1514; x_wconf 85' lang='lat' dir='ltr'>vestra</span> <span class='ocrx_word' id='word_1_221' title='bbox 374 1478 471 1524; x_wconf 84' lang='lat' dir='ltr'>uirtutem;</span> <span class='ocrx_word' id='word_1_222' title='bbox 486 1479 504 1515; x_wconf 90' lang='lat' dir='ltr'>in</span> <span class='ocrx_word' id='word_1_223' title='bbox 517 1479 584 1515; x_wconf 84' lang='lat' dir='ltr'>virtute</span> <span class='ocrx_word' id='word_1_224' title='bbox 603 1479 706 1526; x_wconf 87' lang='lat' dir='ltr'>scientiam;</span> <span class='ocrx_word' id='word_1_225' title='bbox 719 1481 737 1517; x_wconf 91' lang='lat' dir='ltr'>in</span> <span class='ocrx_word' id='word_1_226' title='bbox 750 1481 822 1517; x_wconf 88' lang='lat' dir='ltr'>scientia</span> 
     </span>
     <span class='ocr_line' id='line_1_29' title="bbox 87 1537 822 1590; baseline 0.001 -14"><span class='ocrx_word' id='word_1_227' title='bbox 87 1550 146 1576; x_wconf 89' lang='lat' dir='ltr'>autem</span> <span class='ocrx_word' id='word_1_228' title='bbox 159 1539 283 1581; x_wconf 86' lang='lat' dir='ltr'>abstinentiam</span> <span class='ocrx_word' id='word_1_229' title='bbox 288 1553 293 1585; x_wconf 81' lang='lat'><em>3</em></span> <span class='ocrx_word' id='word_1_230' title='bbox 309 1540 327 1574; x_wconf 90' lang='lat' dir='ltr'>in</span> <span class='ocrx_word' id='word_1_231' title='bbox 340 1537 445 1575; x_wconf 81' lang='lat' dir='ltr'>abstinentia</span> <span class='ocrx_word' id='word_1_232' title='bbox 453 1540 569 1588; x_wconf 72' lang='lat' dir='ltr'>patientiam,</span> <span class='ocrx_word' id='word_1_233' title='bbox 584 1540 602 1575; x_wconf 90' lang='lat' dir='ltr'>in</span> <span class='ocrx_word' id='word_1_234' title='bbox 615 1540 699 1587; x_wconf 88' lang='lat' dir='ltr'>patientia</span> <span class='ocrx_word' id='word_1_235' title='bbox 712 1549 772 1577; x_wconf 88' lang='lat' dir='ltr'>autem</span> <span class='ocrx_word' id='word_1_236' title='bbox 785 1541 822 1590; x_wconf 89' lang='lat' dir='ltr'>pie-</span> 
     </span>
     <span class='ocr_line' id='line_1_30' title="bbox 86 1597 822 1646; baseline 0.003 -11"><span class='ocrx_word' id='word_1_237' title='bbox 86 1608 141 1635; x_wconf 87' lang='lat' dir='ltr'>tatem</span> <span class='ocrx_word' id='word_1_238' title='bbox 147 1612 152 1644; x_wconf 91' lang='lat'>;</span> <span class='ocrx_word' id='word_1_239' title='bbox 169 1599 187 1635; x_wconf 94' lang='lat' dir='ltr'>in</span> <span class='ocrx_word' id='word_1_240' title='bbox 205 1599 270 1646; x_wconf 85' lang='lat' dir='ltr'>pietate</span> <span class='ocrx_word' id='word_1_241' title='bbox 289 1610 370 1635; x_wconf 74' lang='lat' dir='ltr'>artiorem</span> <span class='ocrx_word' id='word_1_242' title='bbox 391 1597 515 1644; x_wconf 72' lang='lat' dir='ltr'>fraternitatis,</span> <span class='ocrx_word' id='word_1_243' title='bbox 529 1599 547 1635; x_wconf 93' lang='lat' dir='ltr'>in</span> <span class='ocrx_word' id='word_1_244' title='bbox 561 1610 623 1635; x_wconf 87' lang='lat' dir='ltr'>amore</span> <span class='ocrx_word' id='word_1_245' title='bbox 636 1609 695 1637; x_wconf 89' lang='lat' dir='ltr'>autem</span> <span class='ocrx_word' id='word_1_246' title='bbox 709 1599 822 1637; x_wconf 83' lang='lat' dir='ltr'>fraternitatis</span> 
     </span>
     <span class='ocr_line' id='line_1_31' title="bbox 88 1656 822 1708; baseline 0.004 -14"><span class='ocrx_word' id='word_1_247' title='bbox 88 1658 197 1695; x_wconf 83' lang='lat' dir='ltr'>charitatem.</span> <span class='ocrx_word' id='word_1_248' title='bbox 211 1658 261 1694; x_wconf 91' lang='lat' dir='ltr'>Haec</span> <span class='ocrx_word' id='word_1_249' title='bbox 273 1667 341 1703; x_wconf 88' lang='lat' dir='ltr'>autem,</span> <span class='ocrx_word' id='word_1_250' title='bbox 356 1658 370 1693; x_wconf 88' lang='lat' dir='ltr'>si</span> <span class='ocrx_word' id='word_1_251' title='bbox 383 1656 477 1694; x_wconf 85' lang='lat' dir='ltr'>vobiscum</span> <span class='ocrx_word' id='word_1_252' title='bbox 491 1657 554 1704; x_wconf 83' lang='lat' dir='ltr'>adsint,</span> <span class='ocrx_word' id='word_1_253' title='bbox 568 1668 585 1694; x_wconf 88' lang='lat' dir='ltr'>et</span> <span class='ocrx_word' id='word_1_254' title='bbox 598 1668 688 1707; x_wconf 87' lang='lat' dir='ltr'>superent,</span> <span class='ocrx_word' id='word_1_255' title='bbox 700 1672 737 1697; x_wconf 90' lang='lat' dir='ltr'>non</span> <span class='ocrx_word' id='word_1_256' title='bbox 750 1674 822 1708; x_wconf 89' lang='lat' dir='ltr'>vacuos,</span> 
     </span>
     <span class='ocr_line' id='line_1_32' title="bbox 86 1717 822 1765; baseline 0.005 -11"><span class='ocrx_word' id='word_1_257' title='bbox 86 1730 120 1754; x_wconf 88' lang='lat' dir='ltr'>nec</span> <span class='ocrx_word' id='word_1_258' title='bbox 128 1718 166 1754; x_wconf 89' lang='lat' dir='ltr'>sine</span> <span class='ocrx_word' id='word_1_259' title='bbox 175 1718 232 1754; x_wconf 84' lang='lat' dir='ltr'>fructu</span> <span class='ocrx_word' id='word_1_260' title='bbox 242 1729 273 1753; x_wconf 89' lang='lat' dir='ltr'>uos</span> <span class='ocrx_word' id='word_1_261' title='bbox 283 1717 393 1753; x_wconf 84' lang='lat' dir='ltr'>constituent</span> <span class='ocrx_word' id='word_1_262' title='bbox 403 1717 421 1753; x_wconf 92' lang='lat' dir='ltr'>in</span> <span class='ocrx_word' id='word_1_263' title='bbox 431 1717 535 1765; x_wconf 79' lang='lat' dir='ltr'>cognitione</span> <span class='ocrx_word' id='word_1_264' title='bbox 544 1718 619 1754; x_wconf 89' lang='lat' dir='ltr'>Domini</span> <span class='ocrx_word' id='word_1_265' title='bbox 632 1719 688 1755; x_wconf 88' lang='lat' dir='ltr'>nostri</span> <span class='ocrx_word' id='word_1_266' title='bbox 701 1720 740 1756; x_wconf 81' lang='lat' dir='ltr'>iesu</span> <span class='ocrx_word' id='word_1_267' title='bbox 751 1720 822 1758; x_wconf 86' lang='lat' dir='ltr'>Christi.</span> 
     </span>
     <span class='ocr_line' id='line_1_33' title="bbox 87 1776 822 1826; baseline 0.004 -12"><span class='ocrx_word' id='word_1_268' title='bbox 87 1778 127 1814; x_wconf 89' lang='lat' dir='ltr'>Una</span> <span class='ocrx_word' id='word_1_269' title='bbox 136 1787 168 1824; x_wconf 90' lang='lat' dir='ltr'>est,</span> <span class='ocrx_word' id='word_1_270' title='bbox 177 1777 267 1813; x_wconf 90' lang='lat' dir='ltr'>Firmiano</span> <span class='ocrx_word' id='word_1_271' title='bbox 280 1786 361 1823; x_wconf 88' lang='lat' dir='ltr'>testante,</span> <span class='ocrx_word' id='word_1_272' title='bbox 371 1778 436 1824; x_wconf 90' lang='lat' dir='ltr'>virtus,</span> <span class='ocrx_word' id='word_1_273' title='bbox 446 1789 465 1812; x_wconf 90' lang='lat' dir='ltr'>ac</span> <span class='ocrx_word' id='word_1_274' title='bbox 475 1778 503 1813; x_wconf 86' lang='lat' dir='ltr'>uia</span> <span class='ocrx_word' id='word_1_275' title='bbox 516 1776 610 1822; x_wconf 89' lang='lat' dir='ltr'>bonorum,</span> <span class='ocrx_word' id='word_1_276' title='bbox 623 1791 667 1826; x_wconf 88' lang='lat' dir='ltr'>quae</span> <span class='ocrx_word' id='word_1_277' title='bbox 680 1780 748 1816; x_wconf 87' lang='lat' dir='ltr'>animas</span> <span class='ocrx_word' id='word_1_278' title='bbox 762 1789 822 1817; x_wconf 87' lang='lat' dir='ltr'>exutas</span> 
     </span>
     <span class='ocr_line' id='line_1_34' title="bbox 87 1836 823 1888; baseline 0.005 -15"><span class='ocrx_word' id='word_1_279' title='bbox 87 1850 97 1873; x_wconf 88' lang='lat' dir='ltr'>a</span> <span class='ocrx_word' id='word_1_280' title='bbox 110 1849 162 1874; x_wconf 88' lang='lat' dir='ltr'>carne</span> <span class='ocrx_word' id='word_1_281' title='bbox 176 1837 231 1883; x_wconf 90' lang='lat' dir='ltr'>ducit,</span> <span class='ocrx_word' id='word_1_282' title='bbox 242 1849 262 1873; x_wconf 85' lang='lat' dir='ltr'>ac</span> <span class='ocrx_word' id='word_1_283' title='bbox 272 1837 322 1873; x_wconf 82' lang='lat' dir='ltr'>vehit</span> <span class='ocrx_word' id='word_1_284' title='bbox 335 1849 371 1873; x_wconf 91' lang='lat' dir='ltr'>non</span> <span class='ocrx_word' id='word_1_285' title='bbox 384 1837 403 1872; x_wconf 88' lang='lat' dir='ltr'>in</span> <span class='ocrx_word' id='word_1_286' title='bbox 412 1836 503 1873; x_wconf 82' lang='lat' dir='ltr'>fabulosos</span> <span class='ocrx_word' id='word_1_287' title='bbox 516 1845 612 1884; x_wconf 88' lang='lat' dir='ltr'>poetarum</span> <span class='ocrx_word' id='word_1_288' title='bbox 625 1837 694 1886; x_wconf 86' lang='lat' dir='ltr'>Elysios</span> <span class='ocrx_word' id='word_1_289' title='bbox 704 1852 783 1888; x_wconf 89' lang='lat' dir='ltr'>campos,</span> <span class='ocrx_word' id='word_1_290' title='bbox 792 1840 823 1877; x_wconf 87' lang='lat' dir='ltr'>sed</span> 
     </span>
     <span class='ocr_line' id='line_1_35' title="bbox 87 1895 823 1946; baseline 0.003 -12"><span class='ocrx_word' id='word_1_291' title='bbox 87 1898 105 1934; x_wconf 90' lang='lat' dir='ltr'>in</span> <span class='ocrx_word' id='word_1_292' title='bbox 118 1897 208 1946; x_wconf 84' lang='lat' dir='ltr'>angelicos</span> <span class='ocrx_word' id='word_1_293' title='bbox 222 1897 295 1943; x_wconf 89' lang='lat' dir='ltr'>choros,</span> <span class='ocrx_word' id='word_1_294' title='bbox 309 1895 352 1932; x_wconf 85' lang='lat' dir='ltr'>fides</span> <span class='ocrx_word' id='word_1_295' title='bbox 365 1896 434 1933; x_wconf 81' lang='lat' dir='ltr'>scilicet</span> <span class='ocrx_word' id='word_1_296' title='bbox 448 1896 542 1933; x_wconf 91' lang='lat' dir='ltr'>christiana</span> <span class='ocrx_word' id='word_1_297' title='bbox 555 1909 587 1944; x_wconf 86' lang='lat' dir='ltr'>per</span> <span class='ocrx_word' id='word_1_298' title='bbox 601 1895 653 1945; x_wconf 75' lang='lat' dir='ltr'>oper&#39;a</span> <span class='ocrx_word' id='word_1_299' title='bbox 667 1910 718 1935; x_wconf 90' lang='lat' dir='ltr'>verae</span> <span class='ocrx_word' id='word_1_300' title='bbox 733 1899 823 1937; x_wconf 87' lang='lat' dir='ltr'>charitatis</span> 
     </span>
     <span class='ocr_line' id='line_1_36' title="bbox 87 1955 823 2006; baseline 0.003 -13"><span class='ocrx_word' id='word_1_301' title='bbox 87 1957 179 2003; x_wconf 83' lang='lat' dir='ltr'>decorata,</span> <span class='ocrx_word' id='word_1_302' title='bbox 193 1969 238 2005; x_wconf 89' lang='lat' dir='ltr'>quae</span> <span class='ocrx_word' id='word_1_303' title='bbox 254 1968 307 1992; x_wconf 89' lang='lat' dir='ltr'>omne</span> <span class='ocrx_word' id='word_1_304' title='bbox 320 1955 366 2004; x_wconf 80' lang='lat' dir='ltr'>fugit</span> <span class='ocrx_word' id='word_1_305' title='bbox 379 1965 479 2005; x_wconf 88' lang='lat' dir='ltr'>peccatum.</span> <span class='ocrx_word' id='word_1_306' title='bbox 498 1956 575 2002; x_wconf 87' lang='lat' dir='ltr'>Quinto,</span> <span class='ocrx_word' id='word_1_307' title='bbox 589 1958 654 1994; x_wconf 89' lang='lat' dir='ltr'>viatori</span> <span class='ocrx_word' id='word_1_308' title='bbox 670 1970 701 2006; x_wconf 90' lang='lat' dir='ltr'>per</span> <span class='ocrx_word' id='word_1_309' title='bbox 715 1958 776 1995; x_wconf 91' lang='lat' dir='ltr'>ardum</span> <span class='ocrx_word' id='word_1_310' title='bbox 790 1959 823 1995; x_wconf 88' lang='lat' dir='ltr'>iter</span> 
     </span>
     <span class='ocr_line' id='line_1_37' title="bbox 87 2015 823 2064; baseline 0.003 -11"><span class='ocrx_word' id='word_1_311' title='bbox 87 2017 169 2053; x_wconf 86' lang='lat' dir='ltr'>coelestis</span> <span class='ocrx_word' id='word_1_312' title='bbox 185 2017 235 2064; x_wconf 86' lang='lat' dir='ltr'>regni</span> <span class='ocrx_word' id='word_1_313' title='bbox 254 2016 372 2064; x_wconf 88' lang='lat' dir='ltr'>praecipitur,</span> <span class='ocrx_word' id='word_1_314' title='bbox 386 2026 405 2052; x_wconf 94' lang='lat' dir='ltr'>ut</span> <span class='ocrx_word' id='word_1_315' title='bbox 420 2016 454 2052; x_wconf 88' lang='lat' dir='ltr'>Dei</span> <span class='ocrx_word' id='word_1_316' title='bbox 468 2015 579 2053; x_wconf 83' lang='lat' dir='ltr'>uoluntatem</span> <span class='ocrx_word' id='word_1_317' title='bbox 598 2018 696 2064; x_wconf 79' lang='lat' dir='ltr'>servando,</span> <span class='ocrx_word' id='word_1_318' title='bbox 710 2018 792 2055; x_wconf 90' lang='lat' dir='ltr'>mandata</span> <span class='ocrx_word' id='word_1_319' title='bbox 805 2019 823 2055; x_wconf 94' lang='lat' dir='ltr'>in</span> 
     </span>
     <span class='ocr_line' id='line_1_38' title="bbox 87 2075 822 2126; baseline 0.001 -13"><span class='ocrx_word' id='word_1_320' title='bbox 87 2075 170 2114; x_wconf 90' lang='lat' dir='ltr'>omnibus</span> <span class='ocrx_word' id='word_1_321' title='bbox 187 2085 276 2124; x_wconf 87' lang='lat' dir='ltr'>sequatur.</span> <span class='ocrx_word' id='word_1_322' title='bbox 295 2076 386 2125; x_wconf 85' lang='lat' dir='ltr'>Quicquid</span> <span class='ocrx_word' id='word_1_323' title='bbox 402 2076 430 2113; x_wconf 86' lang='lat' dir='ltr'>uel</span> <span class='ocrx_word' id='word_1_324' title='bbox 446 2076 534 2122; x_wconf 90' lang='lat' dir='ltr'>dicturus,</span> <span class='ocrx_word' id='word_1_325' title='bbox 548 2076 576 2113; x_wconf 90' lang='lat' dir='ltr'>vel</span> <span class='ocrx_word' id='word_1_326' title='bbox 592 2087 662 2113; x_wconf 92' lang='lat' dir='ltr'>acturus</span> <span class='ocrx_word' id='word_1_327' title='bbox 676 2087 708 2122; x_wconf 90' lang='lat' dir='ltr'>est,</span> <span class='ocrx_word' id='word_1_328' title='bbox 721 2079 770 2126; x_wconf 90' lang='lat' dir='ltr'>prius</span> <span class='ocrx_word' id='word_1_329' title='bbox 784 2077 822 2115; x_wconf 89' lang='lat' dir='ltr'>dili-</span> 
     </span>
     <span class='ocr_line' id='line_1_39' title="bbox 86 2135 822 2185; baseline 0.001 -12"><span class='ocrx_word' id='word_1_330' title='bbox 86 2146 149 2185; x_wconf 83' lang='lat' dir='ltr'>genter</span> <span class='ocrx_word' id='word_1_331' title='bbox 167 2136 265 2181; x_wconf 84' lang='lat' dir='ltr'>examinet,</span> <span class='ocrx_word' id='word_1_332' title='bbox 278 2136 292 2171; x_wconf 91' lang='lat' dir='ltr'>si</span> <span class='ocrx_word' id='word_1_333' title='bbox 308 2148 349 2172; x_wconf 82' lang='lat' dir='ltr'>cum</span> <span class='ocrx_word' id='word_1_334' title='bbox 362 2136 407 2182; x_wconf 90' lang='lat' dir='ltr'>Dei,</span> <span class='ocrx_word' id='word_1_335' title='bbox 420 2146 437 2172; x_wconf 90' lang='lat' dir='ltr'>et</span> <span class='ocrx_word' id='word_1_336' title='bbox 455 2136 540 2172; x_wconf 89' lang='lat' dir='ltr'>ecclesiae</span> <span class='ocrx_word' id='word_1_337' title='bbox 559 2135 701 2174; x_wconf 87' lang='lat' dir='ltr'>ordinationibus</span> <span class='ocrx_word' id='word_1_338' title='bbox 720 2137 822 2175; x_wconf 83' lang='lat' dir='ltr'>concordet.</span> 
     </span>
     <span class='ocr_line' id='line_1_40' title="bbox 88 2194 822 2245; baseline 0 -12"><span class='ocrx_word' id='word_1_339' title='bbox 88 2195 143 2242; x_wconf 88' lang='lat' dir='ltr'>Quod</span> <span class='ocrx_word' id='word_1_340' title='bbox 152 2197 166 2231; x_wconf 91' lang='lat' dir='ltr'>si</span> <span class='ocrx_word' id='word_1_341' title='bbox 176 2194 204 2232; x_wconf 85' lang='lat' dir='ltr'>vei</span> <span class='ocrx_word' id='word_1_342' title='bbox 213 2195 259 2241; x_wconf 89' lang='lat' dir='ltr'>Deo,</span> <span class='ocrx_word' id='word_1_343' title='bbox 268 2195 296 2231; x_wconf 84' lang='lat' dir='ltr'>vel</span> <span class='ocrx_word' id='word_1_344' title='bbox 310 2195 394 2232; x_wconf 84' lang='lat' dir='ltr'>ecclesiae</span> <span class='ocrx_word' id='word_1_345' title='bbox 408 2196 497 2231; x_wconf 84' lang='lat' dir='ltr'>inuenerit</span> <span class='ocrx_word' id='word_1_346' title='bbox 510 2208 549 2232; x_wconf 87' lang='lat' dir='ltr'>esse</span> <span class='ocrx_word' id='word_1_347' title='bbox 563 2196 678 2242; x_wconf 85' lang='lat' dir='ltr'>contrarium,</span> <span class='ocrx_word' id='word_1_348' title='bbox 690 2195 746 2245; x_wconf 85' lang='lat' dir='ltr'>fugiat</span> <span class='ocrx_word' id='word_1_349' title='bbox 759 2196 822 2243; x_wconf 90' lang='lat' dir='ltr'>subito,</span> 
     </span>
     <span class='ocr_line' id='line_1_41' title="bbox 87 2253 822 2304; baseline -0.001 -11"><span class='ocrx_word' id='word_1_350' title='bbox 87 2269 109 2293; x_wconf 91' lang='lat' dir='ltr'>ne</span> <span class='ocrx_word' id='word_1_351' title='bbox 122 2254 188 2292; x_wconf 86' lang='lat' dir='ltr'>incidat</span> <span class='ocrx_word' id='word_1_352' title='bbox 195 2254 215 2304; x_wconf 88' lang='lat' dir='ltr'>in</span> <span class='ocrx_word' id='word_1_353' title='bbox 223 2263 322 2302; x_wconf 85' lang='lat' dir='ltr'>peccatum,</span> <span class='ocrx_word' id='word_1_354' title='bbox 332 2253 419 2302; x_wconf 86' lang='lat' dir='ltr'>Sapientis</span> <span class='ocrx_word' id='word_1_355' title='bbox 429 2254 476 2290; x_wconf 89' lang='lat' dir='ltr'>euim</span> <span class='ocrx_word' id='word_1_356' title='bbox 486 2262 512 2291; x_wconf 89' lang='lat' dir='ltr'>est</span> <span class='ocrx_word' id='word_1_357' title='bbox 521 2254 555 2290; x_wconf 90' lang='lat' dir='ltr'>viri</span> <span class='ocrx_word' id='word_1_358' title='bbox 567 2254 612 2291; x_wconf 86' lang='lat' dir='ltr'>nihii</span> <span class='ocrx_word' id='word_1_359' title='bbox 626 2255 764 2292; x_wconf 89' lang='lat' dir='ltr'>inexaminatum</span> <span class='ocrx_word' id='word_1_360' title='bbox 775 2269 822 2293; x_wconf 89' lang='lat' dir='ltr'>com-</span> 
     </span>
     <span class='ocr_line' id='line_1_42' title="bbox 42 2312 823 2364; baseline 0 -11"><span class='ocrx_word' id='word_1_361' title='bbox 42 2355 43 2358; x_wconf 57' lang='grc'>,</span> <span class='ocrx_word' id='word_1_362' title='bbox 87 2317 165 2361; x_wconf 86' lang='lat' dir='ltr'>mittere,</span> <span class='ocrx_word' id='word_1_363' title='bbox 172 2313 204 2351; x_wconf 91' lang='lat' dir='ltr'>sed</span> <span class='ocrx_word' id='word_1_364' title='bbox 213 2314 279 2359; x_wconf 90' lang='lat' dir='ltr'>omnia,</span> <span class='ocrx_word' id='word_1_365' title='bbox 288 2325 319 2362; x_wconf 91' lang='lat' dir='ltr'>per</span> <span class='ocrx_word' id='word_1_366' title='bbox 328 2312 450 2361; x_wconf 85' lang='lat' dir='ltr'>providentiae</span> <span class='ocrx_word' id='word_1_367' title='bbox 460 2314 562 2360; x_wconf 85' lang='lat' dir='ltr'>consilium,</span> <span class='ocrx_word' id='word_1_368' title='bbox 571 2324 666 2363; x_wconf 88' lang='lat' dir='ltr'>antequam</span> <span class='ocrx_word' id='word_1_369' title='bbox 675 2325 721 2363; x_wconf 81' lang='lat' dir='ltr'>agat,</span> <span class='ocrx_word' id='word_1_370' title='bbox 729 2314 823 2364; x_wconf 83' lang='lat' dir='ltr'>diligenter</span> 
     </span>
     <span class='ocr_line' id='line_1_43' title="bbox 87 2371 822 2425; baseline -0.001 -13"><span class='ocrx_word' id='word_1_371' title='bbox 87 2376 172 2425; x_wconf 86' lang='lat' dir='ltr'>cogitare.</span> <span class='ocrx_word' id='word_1_372' title='bbox 187 2373 223 2416; x_wconf 88' lang='lat' dir='ltr'>Qui</span> <span class='ocrx_word' id='word_1_373' title='bbox 232 2382 291 2409; x_wconf 90' lang='lat' dir='ltr'>autem</span> <span class='ocrx_word' id='word_1_374' title='bbox 301 2374 319 2408; x_wconf 89' lang='lat' dir='ltr'>iu</span> <span class='ocrx_word' id='word_1_375' title='bbox 329 2374 364 2409; x_wconf 93' lang='lat' dir='ltr'>hoc</span> <span class='ocrx_word' id='word_1_376' title='bbox 373 2373 437 2409; x_wconf 91' lang='lat' dir='ltr'>itinere</span> <span class='ocrx_word' id='word_1_377' title='bbox 447 2371 502 2409; x_wconf 87' lang='lat' dir='ltr'>arduo</span> <span class='ocrx_word' id='word_1_378' title='bbox 511 2372 550 2410; x_wconf 87' lang='lat' dir='ltr'>vuit</span> <span class='ocrx_word' id='word_1_379' title='bbox 563 2386 601 2410; x_wconf 90' lang='lat' dir='ltr'>esse</span> <span class='ocrx_word' id='word_1_380' title='bbox 614 2382 669 2420; x_wconf 88' lang='lat' dir='ltr'>tutus,</span> <span class='ocrx_word' id='word_1_381' title='bbox 678 2382 730 2422; x_wconf 88' lang='lat' dir='ltr'>atque</span> <span class='ocrx_word' id='word_1_382' title='bbox 744 2387 822 2422; x_wconf 92' lang='lat' dir='ltr'>securus,</span> 
     </span>
     <span class='ocr_line' id='line_1_44' title="bbox 88 2431 823 2483; baseline -0.001 -11"><span class='ocrx_word' id='word_1_383' title='bbox 88 2437 144 2472; x_wconf 87' lang='lat' dir='ltr'>vitam</span> <span class='ocrx_word' id='word_1_384' title='bbox 161 2443 177 2470; x_wconf 91' lang='lat' dir='ltr'>et</span> <span class='ocrx_word' id='word_1_385' title='bbox 193 2445 252 2470; x_wconf 77' lang='lat' dir='ltr'>utores</span> <span class='ocrx_word' id='word_1_386' title='bbox 266 2444 298 2480; x_wconf 92' lang='lat' dir='ltr'>pro</span> <span class='ocrx_word' id='word_1_387' title='bbox 312 2431 379 2468; x_wconf 88' lang='lat' dir='ltr'>viribus</span> <span class='ocrx_word' id='word_1_388' title='bbox 397 2433 478 2468; x_wconf 88' lang='lat' dir='ltr'>imitetur</span> <span class='ocrx_word' id='word_1_389' title='bbox 490 2432 566 2469; x_wconf 89' lang='lat' dir='ltr'>Domini</span> <span class='ocrx_word' id='word_1_390' title='bbox 579 2434 636 2470; x_wconf 90' lang='lat' dir='ltr'>nostri</span> <span class='ocrx_word' id='word_1_391' title='bbox 649 2434 689 2470; x_wconf 86' lang='lat' dir='ltr'>Iesu</span> <span class='ocrx_word' id='word_1_392' title='bbox 702 2434 779 2481; x_wconf 84' lang='lat' dir='ltr'>Christi,</span> <span class='ocrx_word' id='word_1_393' title='bbox 793 2436 823 2483; x_wconf 91' lang='lat' dir='ltr'>qui</span> 
     </span>
    </p>
   </div>
   <div class='ocr_carea' id='block_1_10' title="bbox 87 2491 837 2541">
    <p class='ocr_par' dir='ltr' id='par_1_11' title="bbox 87 2491 837 2541">
     <span class='ocr_line' id='line_1_45' title="bbox 87 2491 837 2541; baseline -0.003 -10"><span class='ocrx_word' id='word_1_394' title='bbox 87 2496 117 2532; x_wconf 86' lang='lat' dir='ltr'>iux</span> <span class='ocrx_word' id='word_1_395' title='bbox 131 2502 157 2531; x_wconf 87' lang='lat' dir='ltr'>est</span> <span class='ocrx_word' id='word_1_396' title='bbox 171 2491 253 2530; x_wconf 90' lang='lat' dir='ltr'>omnibus</span> <span class='ocrx_word' id='word_1_397' title='bbox 267 2493 285 2528; x_wconf 91' lang='lat' dir='ltr'>in</span> <span class='ocrx_word' id='word_1_398' title='bbox 298 2493 353 2528; x_wconf 92' lang='lat' dir='ltr'>vitam</span> <span class='ocrx_word' id='word_1_399' title='bbox 367 2500 463 2528; x_wconf 84' lang='lat' dir='ltr'>aeternam.</span> <span class='ocrx_word' id='word_1_400' title='bbox 477 2492 557 2535; x_wconf 86' lang='lat' dir='ltr'>Sextum,</span> <span class='ocrx_word' id='word_1_401' title='bbox 572 2492 620 2541; x_wconf 89' lang='lat' dir='ltr'>quod</span> <span class='ocrx_word' id='word_1_402' title='bbox 632 2493 695 2530; x_wconf 90' lang='lat' dir='ltr'>viatori</span> <span class='ocrx_word' id='word_1_403' title='bbox 708 2494 765 2529; x_wconf 88' lang='lat' dir='ltr'>nostri</span> <span class='ocrx_word' id='word_1_404' title='bbox 778 2492 837 2530; x_wconf 45' lang='lat' dir='ltr'>indis</span> 
     </span>
    </p>
   </div>
   <div class='ocr_carea' id='block_1_11' title="bbox 87 2551 824 2660">
    <p class='ocr_par' dir='ltr' id='par_1_12' title="bbox 87 2551 824 2660">
     <span class='ocr_line' id='line_1_46' title="bbox 89 2551 824 2600; baseline -0.003 -7"><span class='ocrx_word' id='word_1_405' title='bbox 89 2567 150 2593; x_wconf 89' lang='lat' dir='ltr'>camus</span> <span class='ocrx_word' id='word_1_406' title='bbox 164 2554 290 2598; x_wconf 85' lang='lat' dir='ltr'>necessarium,</span> <span class='ocrx_word' id='word_1_407' title='bbox 304 2561 361 2588; x_wconf 89' lang='lat' dir='ltr'>estut</span> <span class='ocrx_word' id='word_1_408' title='bbox 375 2551 452 2588; x_wconf 75' lang='lat' dir='ltr'>salutare</span> <span class='ocrx_word' id='word_1_409' title='bbox 466 2551 527 2600; x_wconf 85' lang='lat' dir='ltr'>diligat</span> <span class='ocrx_word' id='word_1_410' title='bbox 540 2551 620 2588; x_wconf 90' lang='lat' dir='ltr'>studium</span> <span class='ocrx_word' id='word_1_411' title='bbox 636 2553 769 2600; x_wconf 78' lang='lat' dir='ltr'>scripturarum.</span> <span class='ocrx_word' id='word_1_412' title='bbox 782 2554 824 2591; x_wconf 89' lang='lat' dir='ltr'>Non</span> 
     </span>
     <span class='ocr_line' id='line_1_47' title="bbox 87 2611 824 2660; baseline -0.003 -7"><span class='ocrx_word' id='word_1_413' title='bbox 87 2625 111 2659; x_wconf 72' lang='lat' dir='ltr'>stt</span> <span class='ocrx_word' id='word_1_414' title='bbox 126 2615 207 2656; x_wconf 83' lang='lat' dir='ltr'>curiosus</span> <span class='ocrx_word' id='word_1_415' title='bbox 221 2614 238 2650; x_wconf 89' lang='lat' dir='ltr'>in</span> <span class='ocrx_word' id='word_1_416' title='bbox 251 2614 336 2659; x_wconf 87' lang='lat' dir='ltr'>lectione,</span> <span class='ocrx_word' id='word_1_417' title='bbox 349 2624 382 2650; x_wconf 92' lang='lat' dir='ltr'>nec</span> <span class='ocrx_word' id='word_1_418' title='bbox 395 2613 445 2649; x_wconf 89' lang='lat' dir='ltr'>vanis</span> <span class='ocrx_word' id='word_1_419' title='bbox 459 2611 617 2660; x_wconf 89' lang='lat' dir='ltr'>superstitionibus</span> <span class='ocrx_word' id='word_1_420' title='bbox 630 2612 706 2659; x_wconf 87' lang='lat' dir='ltr'>deditus,</span> <span class='ocrx_word' id='word_1_421' title='bbox 719 2611 750 2649; x_wconf 90' lang='lat' dir='ltr'>sed</span> <span class='ocrx_word' id='word_1_422' title='bbox 764 2615 824 2652; x_wconf 90' lang='lat' dir='ltr'>animo</span> 
     </span>
    </p>
   </div>
   <div class='ocr_carea' id='block_1_12' title="bbox 843 1805 930 1903">
    <p class='ocr_par' dir='ltr' id='par_1_13' title="bbox 843 1805 930 1903">
     <span class='ocr_line' id='line_1_48' title="bbox 869 1805 929 1831; baseline 0 0"><span class='ocrx_word' id='word_1_423' title='bbox 869 1805 898 1831; x_wconf 88' lang='lat' dir='ltr'>Una</span> <span class='ocrx_word' id='word_1_424' title='bbox 913 1805 929 1831; x_wconf 82' lang='lat' dir='ltr'>fi-</span> 
     </span>
     <span class='ocr_line' id='line_1_49' title="bbox 843 1840 930 1867; baseline 0.034 -3"><span class='ocrx_word' id='word_1_425' title='bbox 843 1840 865 1865; x_wconf 80' lang='lat' dir='ltr'>des</span> <span class='ocrx_word' id='word_1_426' title='bbox 873 1840 930 1867; x_wconf 85' lang='lat' dir='ltr'>christia-</span> 
     </span>
     <span class='ocr_line' id='line_1_50' title="bbox 843 1875 913 1903; baseline 0.043 -3"><span class='ocrx_word' id='word_1_427' title='bbox 843 1883 858 1900; x_wconf 85' lang='lat' dir='ltr'>na</span> <span class='ocrx_word' id='word_1_428' title='bbox 868 1875 913 1903; x_wconf 70' lang='lat' dir='ltr'>salvat,</span> 
     </span>
    </p>
   </div>
   <div class='ocr_carea' id='block_1_13' title="bbox 88 2676 877 2738">
    <p class='ocr_par' dir='ltr' id='par_1_14' title="bbox 88 2676 877 2738">
     <span class='ocr_line' id='line_1_51' title="bbox 88 2676 877 2738; baseline -0.016 -13"><span class='ocrx_word' id='word_1_429' title='bbox 88 2688 174 2738; x_wconf 87' lang='lat' dir='ltr'>simplex,</span> <span class='ocrx_word' id='word_1_430' title='bbox 190 2698 255 2735; x_wconf 90' lang='lat' dir='ltr'>purus,</span> <span class='ocrx_word' id='word_1_431' title='bbox 270 2694 288 2722; x_wconf 91' lang='lat' dir='ltr'>et</span> <span class='ocrx_word' id='word_1_432' title='bbox 301 2694 369 2723; x_wconf 76' lang='lat' dir='ltr'>rectus:</span> <span class='ocrx_word' id='word_1_433' title='bbox 383 2682 492 2720; x_wconf 83' lang='lat' dir='ltr'>Monachum</span> <span class='ocrx_word' id='word_1_434' title='bbox 510 2693 546 2718; x_wconf 90' lang='lat' dir='ltr'>non</span> <span class='ocrx_word' id='word_1_435' title='bbox 564 2678 614 2715; x_wconf 90' lang='lat' dir='ltr'>decet</span> <span class='ocrx_word' id='word_1_436' title='bbox 627 2677 719 2726; x_wconf 89' lang='lat' dir='ltr'>scripturis</span> <span class='ocrx_word' id='word_1_437' title='bbox 733 2676 824 2713; x_wconf 87' lang='lat' dir='ltr'>inhaerere</span> <span class='ocrx_word' id='word_1_438' title='bbox 876 2700 877 2704; x_wconf 60' lang='lat'><em>=</em></span> 
     </span>
    </p>
   </div>
   <div class='ocr_carea' id='block_1_14' title="bbox 0 0 988 3023">
    <p class='ocr_par' dir='ltr' id='par_1_15' title="bbox 0 0 988 3023">
     <span class='ocr_line' id='line_1_52' title="bbox 0 0 988 3023; baseline 0 0"><span class='ocrx_word' id='word_1_439' title='bbox 0 0 988 3023; x_wconf 95' lang='lat' dir='ltr'> </span> 
     </span>
    </p>
   </div>
  </div>
 </body>
</html>
