1968 3023
141 160 164 206 84
361 162 386 199 De
399 162 481 200 attenuabit
495 163 512 200 la
524 164 572 201 viora
585 164 655 203 directis.

140 238 175 275 latu
189 252 238 276 suam
254 254 293 277 cum
308 241 397 281 desiderio
411 246 513 282 revertitur.
528 245 663 295 Comprimatut
677 246 694 283 in
708 259 739 283 ore
751 246 831 291 verbum,
845 247 877 285 do·

140 311 172 335 uec
185 300 229 337 ratio
243 303 350 340 sententiam
364 305 456 354 aequitatis
470 305 557 353 proferat,
569 314 585 342 et
595 318 662 352 sermo,
672 307 701 355 qui
714 316 774 355 potest
788 308 876 344 instruere

140 358 239 406 audientes,
254 374 290 398 nou
304 361 426 401 abscondatur.
439 365 481 401 Non
492 364 587 401 credideris
598 365 705 402 carminibus
719 366 823 415 palponum,
833 380 877 415 quo·

139 418 187 454 niam
201 432 241 456 curn
255 420 407 459 eabalistrauerint
420 425 547 470 innocentem,
561 437 612 461 autes
630 424 708 462 mulcent
723 425 836 463 sermonibus
852 428 876 463 in·

139 479 250 526 compositis.
264 481 356 530 Mancipiti
369 482 433 519 similis
447 492 473 519 est
486 482 595 528 monachus,
611 485 641 532 qui
655 483 798 522 contentionibus
813 485 875 531 alitur,

139 548 157 575 et
174 541 224 588 quasi
241 540 297 578 horno
315 544 403 591 spaticus,
422 544 452 592 qui
469 542 501 580 sub
519 545 592 581 nomine
610 544 701 593 religionis
719 546 776 595 iurgia
794 547 874 584 suscitat.

139 598 205 637 Coram
219 601 292 638 eruditis
305 614 341 639 iton
355 602 426 640 adiicias
440 603 497 652 loqui,
511 617 533 641 ne
548 603 622 641 forsitan
636 618 677 642 cum
691 618 727 642 non
741 606 830 656 intelligas
844 619 874 655 pa-

139 659 229 706 rabolam,
243 661 331 699 irrideatis
345 675 354 700 a
368 663 529 701 circumstantibus.
547 664 585 709 Qui
598 664 706 702 monachum
721 679 739 703 se
754 667 873 715 recognoscit,

139 719 228 768 profundo
242 734 324 759 sermone
338 736 374 760 non
391 724 457 760 utitur:
472 733 499 770 et,
512 725 542 772 qui
556 724 608 762 docet
626 724 720 772 parvulos,
734 724 811 763 enodem
821 725 871 763 ¹facit

139 781 269 827 quaestionem.
289 781 335 819 Cum
349 781 398 819 uadis
411 781 433 819 ad
450 782 532 820 homines
550 784 645 832 proposito
663 794 695 821 tuo
713 784 820 831 dissimiles,
838 798 873 823 nou

138 838 220 888 glorieris
234 840 250 876 iu
260 839 324 890 aliquo,
334 840 365 877 sed
374 842 389 878 si
399 840 453 879 fueris
462 843 588 892 interrogatus,
603 844 663 892 paucis
677 844 765 892 responde
774 842 872 882 humiliter.

139 898 251 936 Constitutus
265 900 282 936 iu
296 900 359 937 itinere
372 914 442 949 semper
455 901 514 939 Deum
529 902 594 950 cogita,
604 913 621 940 et
635 903 710 939 senioris
719 904 745 939 tui
756 904 873 941 reverentiam

139 958 220 994 existima
238 960 359 998 comitantem.
378 960 427 998 Nihil
443 960 496 998 iacias
513 962 597 1006 orttninO,
615 961 663 1011 quod
681 962 707 998 illi
722 961 766 999 velis
783 964 820 999 nen
836 975 873 1000 esse

138 1016 260 1064 manifestum,
274 1020 364 1067 quoniam,
374 1030 393 1056 ut
403 1033 452 1057 sacer
467 1021 525 1068 inquit
539 1020 655 1067 Hierodulus,
664 1021 731 1058 Christi
740 1022 787 1058 vices
801 1022 819 1058 in
833 1034 873 1059 coe-

137 1075 191 1113 nobio
204 1090 257 1126 agere
271 1078 353 1123 creditur,
368 1088 386 1115 et
399 1079 439 1116 ideo
453 1078 473 1116 ab
488 1079 572 1116 omatibus
587 1081 652 1117 merito
666 1080 771 1118 honoratur.
786 1081 815 1118 Sic
829 1093 872 1130 ergo

137 1135 181 1179 vive,
192 1138 241 1185 quasi
256 1150 295 1174 eum
309 1150 379 1186 semper
393 1138 456 1175 habeus
470 1149 511 1176 ante
521 1139 585 1177 oculos
600 1149 717 1189 praesentem,
727 1150 744 1176 et
753 1139 801 1190 quod
814 1153 872 1189 agere,

137 1195 165 1232 vel
175 1195 238 1240 dicere,
249 1196 279 1233 illo
289 1198 403 1245 inspectante,
413 1211 449 1235 non
459 1211 587 1246 praesumeres,
597 1212 655 1248 neque
664 1197 837 1245 absente,nllatetttts
846 1210 871 1236 at-

137 1266 201 1294 tentes.
215 1256 273 1294 Stulta
283 1257 329 1294 enim
344 1257 443 1295 consolatio
453 1269 484 1302 est,
499 1258 626 1296 conscientiam
641 1258 735 1295 mordente
749 1269 798 1296 reatu
812 1258 870 1296 horni-

136 1316 163 1352 nis
177 1315 231 1353 latere
244 1327 343 1365 peccatum,
357 1327 374 1354 et
387 1317 473 1354 iudicium
489 1314 555 1365 fugere
570 1319 657 1366 pastoris,
676 1319 705 1366 qui
722 1331 740 1355 se
753 1317 774 1355 ad
792 1327 871 1355 mortem

135 1375 187 1412 novit
200 1386 327 1425 aegrotantem.
341 1376 446 1421 Monachus,
464 1377 493 1426 qui
508 1377 548 1414 facit
566 1376 639 1421 malum,
656 1377 704 1426 quod
721 1378 833 1426 suumcupit
846 1378 870 1415 la—

137 1444 175 1472 tere
183 1435 286 1482 praelatum,
301 1436 395 1473 monastici
409 1437 481 1473 carnonis
494 1436 616 1486 integritatem
629 1435 713 1481 violavit,
727 1434 774 1473 etin
788 1437 869 1486 quintum

137 1494 243 1531 humilitatis
262 1494 336 1544 gradum
356 1496 454 1532 enormiter
470 1495 550 1545 deliquit.
568 1495 597 1532 Sic
613 1494 664 1532 enim
677 1495 774 1544 praecipit:
792 1495 870 1539 Quintus

135 1553 240 1591 humilitatis
254 1555 318 1603 gradus
328 1565 359 1599 est,
369 1555 383 1591 si
393 1568 455 1592 omnes
470 1556 588 1603 cogitationes
602 1554 657 1591 malas
671 1554 720 1591 cordi
734 1567 767 1591 suo
776 1555 869 1592 advenien-

135 1624 167 1659 tes,
177 1622 194 1650 et
206 1613 252 1650 mala
262 1627 271 1650 a
280 1627 299 1651 se
308 1615 326 1650 in
335 1613 439 1651 abscondito
453 1613 505 1660 facta,
519 1626 550 1663 per
562 1613 649 1651 humilem
665 1612 797 1651 confessionem
812 1613 869 1651 abbati

134 1685 171 1709 non
185 1672 266 1710 celaverit
279 1686 318 1711 suo.
331 1674 379 1710 Haec
392 1674 482 1711 Benedicti
495 1674 553 1710 Patris
563 1685 604 1711 sunt
613 1674 688 1719 monita;
704 1672 746 1710 haec
756 1682 816 1710 sancta
830 1685 867 1710 mo·

134 1733 211 1769 n'asticae
225 1733 343 1771 institutionis
353 1734 464 1777 documenta,
475 1747 520 1784 quae
533 1735 547 1770 si
561 1743 580 1769 tu
594 1733 683 1770 monache
693 1732 827 1781 contempseris,
840 1732 869 1769 vel

113 1832 114 1835 ,
133 1792 244 1841 neglexeris,
258 1794 355 1830 inimemor
368 1794 429 1830 salutis
443 1794 526 1842 propriae
540 1794 657 1831 convinceris.
671 1793 744 1829 Certum
762 1793 868 1830 humilitatis

87 1880 91 1886 .
134 1852 219 1889 indicium
233 1863 271 1899 est,
286 1854 300 1889 si
314 1852 413 1889 monachus
427 1853 495 1901 aperite
508 1853 575 1889 seniori
589 1864 620 1889 cor
633 1865 686 1888 suum
699 1864 736 1889 nou
750 1852 866 1895 recusaverit,

25 2131 27 2136 Ι
34 2098 112 2132 Progressus

24 2132 98 2167 impietatis.

41 2572 79 2599 Prot.
90 2573 110 2600 18.

133 1911 213 1960 nihilque
226 1911 324 1956 malorum,
339 1924 383 1960 quae
400 1912 499 1957 commisit,
513 1924 565 1948 suunt
581 1907 640 1959 cupiat
652 1910 707 1948 latere
720 1921 816 1959 pastorem.
830 1911 867 1955 Qui

133 1970 228 2008 confitetur
242 1971 327 2008 delictum
340 1984 392 2008 suum
407 1984 448 2007 cum
465 1970 577 2016 luunilitate,
592 1980 653 2008 contra
667 1969 789 2007 adversarium
804 1970 866 2007 salutis

133 2043 175 2067 suae
189 2029 328 2069 confortabiturr
343 2041 360 2067 et
373 2031 404 2079 qui
417 2029 510 2080 abscondit
524 2031 654 2079 cogitationes,
669 2028 750 2078 proficiet
763 2030 780 2066 in
794 2029 866 2066 malum.

132 2091 186 2128 Nulla
200 2092 247 2128 enim
260 2102 296 2128 tam
310 2104 364 2139 parua
377 2092 462 2140 cogitatio
476 2090 575 2134 malorum,
590 2102 635 2139 quae
648 2089 733 2138 paulatim
750 2101 786 2125 non
801 2098 867 2126 crescat

132 2150 218 2198 neglecta,
232 2160 249 2187 et
262 2150 330 2186 nullum
344 2161 380 2187 tam
394 2149 440 2187 exile
449 2151 521 2196 vitium,
534 2148 583 2198 quod
596 2149 644 2185 vires
657 2161 694 2185 nou
707 2159 771 2193 sumat,
785 2149 799 2184 si
813 2146 868 2185 luerit

132 2209 269 2247 dissimulatum.
283 2210 346 2246 Statim
359 2210 414 2258 igitur
428 2209 533 2258 aprincipio
550 2208 669 2257 cogitationes
685 2207 743 2244 rualae
756 2217 796 2244 sunt
810 2208 866 2255 repel-
896 2214 897 2217 ’

131 2268 199 2313 leudae,
209 2258 249 2317 quia
260 2282 299 2305 cum
315 2281 367 2317 prava
380 2281 416 2305 nou
430 2268 489 2305 subito
499 2268 609 2316 extinguitur
623 2266 723 2314 cogitatio,v
731 2267 776 2314 Parit
789 2265 866 2303 delecta·

131 2330 204 2373 tionem,
215 2328 308 2366 delectatio
318 2341 361 2366 vero
372 2341 486 2374 consensum,
496 2339 593 2365 cousensus
607 2336 667 2362 autem
681 2326 784 2375 praecipitat
798 2326 815 2362 in
825 2339 866 2374 ope-

130 2389 225 2425 rationem.
239 2388 327 2436 Deinceps
343 2391 390 2425 arctio
404 2388 446 2424 mali
460 2388 531 2435 saepius
544 2388 606 2423 iterata
620 2397 692 2434 generat
706 2385 865 2430 consuetudinem,

131 2448 241 2485 consuetudo
254 2449 387 2491 necessitatem,
401 2448 496 2485 necessitas
510 2455 570 2483 autem
587 2444 656 2481 inducit
670 2444 821 2493 desperationem,
835 2444 864 2481 de·

130 2508 208 2555 speratio
222 2517 351 2556 contemptum,
366 2516 480 2555 contemptus
494 2505 645 2547 obstinationem,
659 2513 676 2540 et
693 2503 722 2540 illa
735 2513 813 2541 mortem
827 2504 864 2540 ani·

130 2579 169 2603 inae
183 2567 227 2614 parit
245 2576 339 2604 aeternam.
353 2567 402 2603 Dicit
419 2579 488 2614 nanque
502 2565 597 2613 scriptura:
616 2563 692 2612 hupins,
708 2576 747 2600 cum
762 2564 830 2600 uerterit
849 2564 866 2599 iu

130 2624 239 2674 profundum
249 2625 343 2669 malorum,
354 2626 457 2662 contemnit.
471 2625 537 2662 Nonne
546 2622 598 2660 abbas
612 2632 659 2668 tuus,
670 2634 680 2659 0
690 2623 783 2668 monache,
797 2631 863 2671 pastor,

131 2696 147 2723 et
161 2684 241 2722 medicus
255 2695 282 2722 est
295 2686 364 2722 animae
377 2685 431 2722 tuae?
444 2684 516 2729 Nonne,
530 2683 593 2720 fratres
607 2683 642 2719 mei
656 2683 761 2727 charissimi,
775 2695 809 2731 ego
822 2690 864 2730 post
