1968 3023
407 105 485 143 Humilia
499 106 519 142 X.
801 99 832 151 ¹65

93 188 210 237 Augustinus.
223 188 309 234 Tantum,
320 188 384 237 inquit,
395 187 504 236 permittitur
518 185 597 224 diabolus
612 196 688 232 tentare,
699 197 785 235 quantum
801 183 832 222 tihi

93 246 170 295 prodest,
184 258 203 284 ut
216 247 319 290 exerceatis,
334 257 353 283 ut
366 245 452 296 proberis,
462 257 481 283 ut
494 247 524 296 qui
537 256 554 282 te
567 244 663 290 nesciebas,
677 258 686 281 a
699 255 717 282 te
730 247 770 294 ipso
784 248 832 283 inve·

73 302 74 305 ¹
93 307 152 343 niaris.
166 308 227 344 Potest
241 308 287 344 euim
302 306 388 352 diabolus,
403 306 516 355 permittente
529 306 576 352 Deo,
586 306 662 342 excitare
675 306 780 343 tentationis
794 319 832 343 nro-

93 377 139 412 tum,
154 367 184 405 sed
198 369 215 405 in
229 378 259 405 tua
273 378 299 404 est
312 367 403 405 liberrima
416 376 512 415 potestate,
527 367 541 403 si
555 365 598 403 uelis
612 366 686 402 tentanti
700 365 747 412 dare,
761 366 788 403 uel
802 380 831 403 ne-

93 438 134 475 gare
147 439 259 464 consensum,
273 426 330 471 Unde,
341 440 382 464 cum
392 435 468 463 tentaret
478 427 495 463 in
505 426 575 464 deserto
585 426 618 462 Dei
627 425 689 477 filium,
702 437 738 462 non
752 426 831 475 impulit,

92 498 128 522 non
142 486 206 535 tetigit,
220 499 256 524 non
271 486 335 535 coegit,
349 486 380 523 sed
394 495 463 522 tantum
477 485 528 531 dixit,
543 485 595 521 Mitte
609 495 626 521 te
640 484 732 530 deorsum,
747 493 766 520 ut
780 485 831 522 intel-

93 546 142 593 ligas,
156 548 239 596 quoniam
253 559 290 584 non
303 556 363 595 potest
376 546 452 592 vincere,
462 546 496 582 nisi
505 545 601 583 uolentem.
615 544 684 581 Idcirco
698 544 749 581 dirus
764 539 832 582 Christi

93 605 233 654 archiapostolus
247 606 300 643 dixit:
315 606 398 643 Resistite
412 605 492 652 diabolo,
507 615 524 642 et
538 604 593 654 fugiet
607 604 686 642 u-vohis.
702 605 773 642 Potest⁴
783 606 830 642 enim

93 676 188 713 suggerere
201 666 267 702 malum
281 664 368 709 diabolus,
383 678 448 713 cogere
461 678 496 702 non
510 673 575 714 potest,
589 677 622 701 nec
635 677 725 713 superare,
740 665 774 701 nisi
789 677 831 701 con-

93 723 163 761 sentias.
177 725 219 762 Vita
232 734 301 768 nostra,
315 734 378 762 sancto
392 734 467 761 testante
484 724 595 773 Augustino,
609 725 626 761 in
640 725 673 761 hac
686 725 831 774 peregrinatione

93 794 128 819 non
142 793 200 831 potest
212 797 251 821 esse
265 784 302 821 sine
317 793 400 832 peccato,
414 793 430 820 et
444 784 550 821 tentatione:
564 784 604 833 qnia
620 783 710 832 profectus
724 794 786 820 noster
800 796 831 833 per

93 843 199 879 tentationes
215 851 297 891 augetur;
311 855 344 879 nec
362 842 396 879 sihi
412 843 505 891 quisquam
521 844 626 886 innotescit,
636 843 677 879 'nisi
695 851 785 890 tenturus,
798 856 832 880 nec

93 910 152 949 potest
168 902 258 947 coronari,
273 902 307 938 nisi
324 902 395 945 vicerit,
409 914 441 937 nec
458 911 517 950 potest
535 902 614 946 vincere,
628 903 662 938 nisi
679 903 784 947 certaverit,
798 914 831 938 nec

93 969 151 1008 potest
169 970 244 1006 certare,
257 960 291 997 nisi
309 961 414 1005 inimicum,
433 970 450 997 et
468 961 574 997 tentationes
592 960 678 997 habuerit.
695 961 743 997 Dicit
760 974 831 1010 nanque

93 1019 189 1067 scriptura:
203 1020 239 1063 Qui
253 1032 289 1056 non
303 1029 329 1057 est
343 1028 431 1062 tentatus,
445 1019 503 1068 qualia
516 1020 559 1056 scit?
572 1020 631 1056 Nemo
645 1020 693 1056 enim
708 1020 830 1065 coronabitur,
852 1035 902 1062 nectes.
911 1044 931 1069 34,

92 1078 126 1115 nisi
137 1079 167 1127 qui
180 1077 260 1127 legitime
269 1079 369 1115 certaverit.
383 1078 493 1116 Accedentes
502 1080 556 1129 igitur
570 1078 591 1116 ad
604 1080 709 1116 seruitutem
719 1080 758 1125 Dei,
768 1079 831 1116 iratres

95 1136 199 1181 charissimi,
213 1147 258 1175 state
272 1138 289 1174 iu
304 1138 372 1174 iustitia
385 1147 402 1174 et
415 1138 486 1184 timore,
500 1147 517 1175 et
526 1138 603 1187 quandiu
617 1139 691 1187 potestis
707 1139 754 1175 vinci
767 1137 788 1175 ab
802 1138 831 1175 utl-

93 1198 178 1249 versario‚
188 1208 205 1235 et
218 1196 287 1244 subiici,
301 1198 323 1234 de
336 1198 431 1235 securitate
444 1198 500 1235 nolite
513 1197 591 1247 gloriari.
605 1198 679 1247 Semper
693 1199 771 1247 vigilate,
785 1212 831 1235 sem-

93 1269 124 1306 per
138 1258 207 1303 timete,
218 1258 304 1308 quoniam
313 1257 377 1304 hostis,
389 1271 430 1309 cunr
440 1271 475 1307 quo
485 1258 542 1295 inistis
553 1268 647 1302 certamen,
657 1270 748 1307 nunquam
758 1257 831 1302 dormit,

92 1328 128 1352 non
144 1317 228 1365 quiescit,
244 1329 281 1354 non
299 1328 356 1354 cessat
373 1330 382 1353 a
399 1318 534 1365 persecutione:
551 1316 636 1366 vobisque
651 1316 736 1354 insidians
750 1331 827 1367 semper,

92 1387 183 1424 nunquam
195 1376 285 1425 fatigatur.
299 1376 355 1420 Quot
368 1377 383 1413 si
397 1376 491 1424 aliquando
505 1387 599 1424 superatus
612 1377 670 1420 fuerit,
680 1389 723 1413 mox
732 1377 753 1414 ad
763 1390 830 1414 nouum

93 1445 181 1473 certamen
191 1437 289 1485 consurgit,
301 1450 333 1473 nec
343 1436 412 1473 desistit
422 1435 442 1472 ab
452 1437 587 1486 impugnatione
597 1436 691 1481 bonorum,
703 1436 759 1474 donec
772 1439 831 1474 uictus

92 1496 166 1533 omnino
184 1495 295 1540 succumbat,
313 1506 343 1532 aut
361 1506 408 1533 certe
427 1497 528 1544 importuna
546 1498 678 1544 perseuerantia
697 1507 829 1534 concertantem

92 1556 156 1593 vincat.
169 1555 221 1593 Unde
230 1565 247 1593 et
256 1565 327 1593 sanctus
338 1557 383 1605 Papa
394 1556 492 1605 Gregorius
501 1557 554 1594 dicit:
567 1557 656 1605 Antiquns
665 1557 722 1593 hostis
737 1569 757 1592 ex
771 1557 829 1604 primo

92 1616 198 1660 certamine,
213 1616 255 1653 dutn
269 1629 287 1652 se
301 1615 418 1653 succumbere
434 1616 543 1659 considerat,
558 1616 590 1652 alia
606 1616 726 1653 tentationum
740 1615 785 1652 bella
800 1629 829 1653 re-

92 1686 165 1713 staurat.
178 1677 259 1714 intuetur
272 1677 346 1714 humani
359 1677 430 1726 generis
444 1677 544 1714 cauteiosus
558 1676 677 1722 aduersarius,
690 1677 831 1725 uniuscuiusque

92 1748 160 1779 moreS,
177 1745 194 1772 et
208 1737 235 1773 cui
250 1736 285 1772 sint
298 1737 342 1773 vitio
357 1736 504 1785 propinquiores,
518 1735 547 1773 illa
561 1737 610 1785 ponit
624 1745 664 1773 ante
678 1734 742 1772 faciem
759 1736 829 1781 cordis,

87 1795 195 1844 'magnisque
209 1796 265 1832 utitur
277 1794 351 1841 uiribus,
366 1805 385 1831 ut
398 1794 490 1832 subvertat
504 1805 569 1839 statum
583 1797 654 1833 mentis.
671 1795 719 1832 State
733 1796 751 1832 in
765 1797 831 1832 timore

91 1854 169 1890 Domini
178 1853 252 1891 firmiter
265 1853 349 1901 radicati,
363 1864 380 1891 et
397 1864 469 1890 cunctas
487 1854 538 1891 facile
551 1854 658 1903 superabitis
671 1855 779 1891 tentationes
793 1855 829 1890 ini-

91 1914 140 1950 mici.
154 1913 244 1962 Scriptum
258 1922 284 1950 est
298 1914 346 1950 enim
360 1914 377 1950 in
391 1911 437 1949 libro
451 1913 593 1961 proverbiorum.
608 1915 706 1951 latiniore
720 1913 795 1950 Domini
808 1912 829 1949 fi-

92 1971 142 2010 ducia
159 1971 274 2010 fortitudinis.
288 1972 309 2009 Et
327 1974 399 2010 iterum:
413 1973 446 2009 Per
462 1972 603 2010 misericordiam
621 1983 638 2010 et
654 1973 714 2016 fidem,
730 1983 829 2021 purgantur
850 1989 889 2016 pso„
900 1998 919 2022 14,

91 2041 167 2081 peccatu,
182 2044 212 2081 per
225 2032 309 2068 timorem
323 2041 383 2069 autem
396 2032 470 2069 Domini
486 2032 562 2069 declinat
571 2032 630 2069 omnis
644 2046 653 2069 a
667 2032 720 2069 nralo.
734 2032 754 2069 Iu
768 2032 828 2068 Eccle-
850 2044 889 2069 nov.
899 2052 919 2077 ις.

91 2091 161 2128 siastico
175 2104 217 2128 vero
231 2091 300 2139 sapiens
310 2090 364 2128 dixit:
379 2091 445 2128 Timor
454 2092 528 2129 Domini
537 2092 609 2140 expellit
619 2102 717 2141 peccatum.
732 2093 784 2137 Nam,
799 2091 828 2140 qui
850 2098 899 2124 Eccles.
910 2107 921 2125 1.

91 2152 128 2188 sine
141 2152 206 2188 timore
219 2161 250 2195 est,
265 2164 301 2188 nou
315 2152 381 2199 poterit
394 2150 493 2188 iustificari.
508 2151 599 2188 Iracundia
613 2152 661 2188 enim
675 2152 795 2189 animositatis
809 2150 828 2187 il-

91 2211 124 2248 lius
141 2209 226 2247 subuertit
242 2212 289 2248 eum.
308 2210 382 2256 Idcirco,
395 2209 496 2247 Salomonis
510 2211 619 2252 testimonio,
638 2210 698 2248 beatus
716 2211 745 2247 ille
763 2211 828 2248 dicitur
849 2222 888 2247 Pruv.
899 2230 910 2248 2,

91 2271 151 2314 homo,
166 2271 195 2319 qui
208 2283 279 2318 semper
292 2279 318 2306 est
332 2270 416 2319 pavidus:
430 2271 460 2319 qui
474 2283 516 2307 uero
530 2271 595 2307 mentis
609 2280 635 2307 est
649 2270 710 2316 durae,
725 2281 797 2308 corruet
810 2273 828 2308 in

91 2329 164 2367 malum.
178 2330 251 2366 Animas
261 2342 332 2379 qnoque
342 2340 408 2366 uestras
419 2342 449 2377 per
459 2329 538 2366 studium
547 2339 617 2366 sauctae
627 2331 769 2368 conuersationis
779 2344 827 2380 prae-

91 2399 150 2439 parate
163 2388 184 2426 ad
197 2390 321 2434 tentationem,
336 2399 355 2426 ut
369 2390 490 2426 cumvenerit
505 2390 576 2438 possitis
590 2391 682 2434 resistere,
697 2401 714 2427 et
729 2404 750 2428 eo
765 2391 828 2429 fortio-

91 2462 119 2487 res
132 2459 183 2486 stare.
199 2450 246 2486 Natu
260 2448 310 2486 facile
324 2448 429 2498 superabitis
443 2447 540 2494 diabolum,
551 2449 565 2485 si
575 2450 673 2498 praeparati
686 2463 757 2499 semper
770 2464 828 2488 acces·
850 2472 862 2491 1.
870 2465 905 2491 nea.
912 2473 923 2499 ς.

91 2508 149 2545 seritis
158 2507 179 2545 ad
189 2506 295 2545 bellandum.
306 2508 350 2545 Ecce
360 2508 470 2545 aduersarius
479 2518 537 2545 vester
546 2517 630 2556 tanquam
640 2508 667 2545 leo
678 2510 751 2558 rugiens
761 2511 830 2556 circuit,

92 2580 178 2616 quaerens
191 2580 244 2617 quem
259 2567 342 2614 deuoret,
356 2568 383 2604 cui
402 2580 434 2604 uos
452 2577 523 2615 oportet
540 2567 558 2603 in
575 2566 609 2604 fide
627 2568 701 2605 Domini
719 2570 775 2606 nostri
789 2571 829 2607 lesu

92 2626 159 2663 Christi
172 2628 260 2673 resistere,
272 2628 286 2663 si
295 2627 388 2664 victoriam
403 2627 466 2675 cupitis
480 2626 565 2664 obtinere⁴
579 2626 642 2664 Nullus
652 2627 681 2664 hic
690 2627 771 2677 fugiendi
780 2630 830 2667 locus

853 1110 864 1128 2.
874 1101 909 1129 Tim,
919 1111 930 1130 π,

776 2735 782 2758 5
