1968 3023
426 160 482 196 Sanno
495 158 508 195 L
796 158 816 194 18
819 169 827 205 3

93 246 110 279 in
121 242 187 279 arduis.
197 242 242 286 Quis
256 243 302 280 eninr
312 242 350 278 sine
363 240 418 277 animi
428 237 533 276 fortitudine
540 234 619 274 'prasina
628 237 676 274 hunc
686 239 773 275 anundum
788 251 828 275 cum

92 303 129 338 suis
142 301 264 351 voluptatibus
278 310 338 351 posset
356 310 478 343 contemnere,
493 309 509 334 et
523 299 540 334 in
553 307 613 334 sancta
626 296 714 345 religione
731 299 829 335 monastica

92 360 125 398 sub
139 360 250 398 obedientiae
264 360 331 409 legibus
342 373 397 409 usque
411 358 433 396 ad
447 367 525 395 mortem
534 357 657 405 perseuerare?
670 356 765 394 Fortitudo
774 357 828 394 animi

92 421 139 457 vires
153 420 174 457 de
189 420 274 457 charitate
288 419 354 457 Christi
368 419 449 466 suscipit,
463 428 480 454 et
494 426 576 453 constans
589 429 626 453 non
640 416 700 453 minus
713 417 731 453 in
744 416 827 459 adversis,

92 493 146 530 quarn
161 481 178 516 in
192 480 282 528 prosperis
297 479 367 515 uirtutis
382 477 470 515 desiderio
489 477 575 514 consistit.
589 476 683 513 Fortitudo
696 478 744 514 viam
757 477 828 513 rectitu-

93 540 139 576 dinis
153 538 218 587 absque
232 540 296 575 timore
309 537 395 587 graditur,
409 547 426 573 et
440 535 521 574 hostibus
536 535 610 584 quadam
624 546 686 572 sancta
699 535 780 585 superbia
793 546 829 572 ter-

92 599 155 645 ribilis,
170 610 188 635 et
201 596 312 635 formidanda
325 597 401 634 videtur.
414 596 510 634 Fortitudo
527 596 582 632 animi
599 595 715 644 parvulorum
732 597 829 633 contemnit

92 659 171 703 iniurias,
181 667 198 693 et
208 670 270 694 omnes
280 656 331 693 facile
339 667 410 705 superat
420 657 476 693 carnis
486 656 592 704 voluptates,
601 654 697 692 Fortitudo
710 657 728 693 in
740 656 829 704 prosperis

92 719 141 764 latet,
155 718 173 753 in
186 717 291 754 adversitate
306 715 411 762 ostenditur,
425 726 442 752 et
455 714 548 752 manifeste
562 727 592 763 per
606 715 712 763 patientiam
726 715 828 752 declaratur,

93 777 161 813 Animo
175 775 225 812 fortis
239 787 270 819 est,
280 787 315 812 non
330 775 359 823 qui
373 773 451 811 uindicat
460 775 532 810 iniurias
542 772 574 810 sibi
583 773 647 820 illatas,
658 773 689 810 secl
699 775 729 823 qui
742 775 829 823 patienter

60 845 62 847 ·
93 835 164 879 tolerat,
180 836 224 871 etsi
238 835 324 883 acceperit
341 835 359 869 in
373 842 482 881 potestatem
498 833 627 878 aduersarium,
641 833 722 880 potuisse
739 825 829 870 vindicare

92 893 190 930 vindictam
198 903 254 941 putat.
261 892 392 929 Monachorum
399 890 490 930 ,fortitudo
500 901 526 928 est
536 892 622 928 anundum
630 901 751 939 contemnere,
758 906 829 930 carnem

92 954 171 998 vincere,
187 965 250 988 omnes
268 951 329 988 tnundi
346 951 431 997 honores,
445 960 461 987 et
475 950 575 999 voluptates
593 963 684 998 spernere,
702 949 753 989 etin
770 952 829 989 solum

93 1013 152 1048 Deum
166 1024 217 1059 spent
228 1025 306 1055 omnem,
316 1022 332 1047 et
346 1010 473 1047 confidentiam
484 1010 577 1047 collocare.
586 1010 672 1056 Mensura
682 1010 793 1049 fortitudinis
803 1023 829 1049 est

93 1085 125 1109 nec
142 1072 226 1108 timidum
245 1085 287 1115 esse,
302 1085 334 1108 nec
347 1071 442 1117 audacem,
457 1071 541 1120 quoniam
558 1081 606 1107 recta
623 1071 708 1109 incedens
725 1073 759 1119 via,
772 1086 829 1122 neque

93 1131 114 1168 ad
128 1131 219 1167 dextetam
233 1131 314 1175 declinat,
329 1143 387 1179 neque
399 1129 421 1166 ad
435 1130 530 1166 sinistrant.
544 1129 643 1166 Monachus
657 1130 686 1167 ille
700 1130 751 1168 fortis
765 1142 790 1169 est
803 1132 829 1168 iu-

93 1190 185 1234 dicandus,
195 1192 225 1238 qui
235 1200 334 1239 temperans
348 1199 375 1226 est
389 1190 413 1226 ini
421 1188 510 1234 omnibus,
522 1188 666 1238 moderatusque,
680 1201 697 1227 et
710 1192 773 1228 iustus.
783 1191 830 1227 Hinc

93 1250 136 1286 dicit
150 1250 272 1286 sanctissimus
286 1250 331 1298 Papa
341 1249 451 1296 Gregorius:
465 1248 555 1285 Iustorum
565 1246 652 1285 fortitudo
666 1259 693 1285 est
707 1262 777 1287 carnem
791 1251 829 1287 uin-

93 1321 139 1354 cere,
155 1309 232 1356 propriis
245 1307 366 1357 voluptatibus
376 1308 471 1351 contraire,
482 1306 617 1344 delectationem
628 1308 676 1344 vitae
690 1310 787 1357 praesentis
801 1323 829 1346 ex-

93 1368 180 1415 tinguere,
190 1368 242 1404 huius
252 1367 313 1404 numdi
327 1380 388 1415 aspera
401 1379 434 1419 pro
448 1367 524 1403 aeternis
533 1368 616 1414 praemiis
630 1380 697 1414 amare,
708 1369 829 1417 prosperitatis

93 1426 214 1463 blandimenta
228 1437 349 1471 contemnere,
364 1425 476 1462 adversitatis
490 1436 558 1462 metum
571 1427 589 1462 iu
603 1426 656 1464 corde
670 1440 759 1476 superate.
768 1428 829 1465 Fortes

94 1486 135 1523 facti
149 1487 221 1523 suntin
235 1486 288 1532 bello,
303 1487 343 1535 quia
357 1498 428 1522 carnem
443 1485 521 1530 domant,
530 1485 625 1522 uirtutibus
636 1498 737 1533 coruscant,
747 1489 830 1537 spiritum

94 1545 187 1590 roborant,
202 1554 271 1582 terrena
289 1544 395 1594 despiciunt,
410 1545 494 1581 coelestia
511 1554 602 1593 appetunt,
616 1545 673 1582 occidi
689 1557 770 1595 possunt,
783 1547 830 1584 flecti

93 1617 130 1641 non
143 1613 226 1652 possunt,
241 1617 273 1641 nec
286 1605 372 1649 sustinere
387 1603 435 1646 falsa,
450 1616 480 1651 pet
494 1603 616 1641 infirmitatem
634 1616 724 1653 metuunt,
739 1619 771 1643 nec
788 1607 831 1643 laesi

94 1675 172 1711 unquam
186 1676 196 1699 a
209 1664 283 1700 veritate
297 1664 424 1699 conticescunt.
440 1662 538 1699 Monachus
548 1676 597 1712 ergo,
607 1665 637 1712 qui
651 1667 767 1702 veravirtute
779 1665 830 1703 fortis

94 1731 128 1767 est,
142 1735 176 1758 nec
189 1732 257 1759 temere
270 1722 328 1766 audet,
343 1735 375 1759 nec
392 1722 494 1758 inconsulte
507 1723 563 1759 timet
579 1723 634 1771 Regia
651 1725 700 1761 enim
713 1726 741 1761 via
757 1737 782 1762 est
796 1725 830 1762 for·

93 1780 151 1817 titudo
165 1781 225 1826 simul,
239 1792 290 1830 atque
307 1782 417 1818 constantia:
433 1794 441 1817 a
455 1794 489 1829 qna
502 1782 612 1825 temerarius,
627 1792 644 1818 et
657 1785 737 1831 pertinax
755 1784 831 1822 declinat

94 1841 115 1878 ad
129 1841 226 1886 dexteram,
237 1841 309 1878 timidus
322 1854 371 1886 vero,
386 1840 510 1889 pusillanimis,
521 1840 631 1890 pavidusque
645 1843 666 1879 ad
680 1843 777 1881 sinistram.
791 1845 831 1881 Mo-

94 1900 161 1936 nachus
176 1901 236 1938 animo
250 1910 338 1943 constans,
353 1909 370 1936 et
385 1899 436 1936 fortis
451 1912 541 1948 nunquam
555 1901 618 1937 recidit
631 1914 640 1937 a
654 1904 752 1940 sanctitatis
766 1917 831 1953 propo-

93 1960 134 2003 sito,
144 1959 175 1996 sed
189 1972 221 1996 nec
235 1959 311 1996 aduersis
325 1959 438 2007 deprimitur,
448 1971 480 1995 nec
494 1961 583 2008 prosperis
597 1960 682 1997 elevatur.
693 1962 751 2008 Unde,
762 1973 780 2000 et
793 1977 831 2001 san-

94 2018 184 2055 ctissimus
198 2018 268 2066 praesul
277 2018 389 2064 Ambrosius,
400 2018 476 2063 StultuS,
487 2019 551 2067 inquit,
563 2030 581 2056 ut
594 2021 643 2056 Luna
657 2030 747 2059 mutatur:
762 2025 831 2071 sapiens

94 2088 154 2115 autem
168 2088 217 2115 metu
231 2092 266 2116 non
280 2078 372 2127 frangitur,
386 2088 474 2126 potestate
488 2091 524 2114 non
538 2089 621 2123 mutatur,
635 2093 672 2117 non
686 2083 778 2119 extollitur
791 2095 831 2132 pro-

94 2138 156 2186 speris,
170 2150 206 2174 non
220 2139 306 2186 mergitur
319 2136 405 2173 tristibus.
419 2136 454 2173 Ubi
473 2139 520 2174 enim
538 2139 629 2186 sapientia,
644 2149 660 2175 et
675 2140 736 2185 virtus,
751 2141 774 2178 ibi
790 2155 831 2179 con-
851 2160 917 2192 accan.

94 2197 159 2233 stantia
175 2206 208 2242 est,
224 2208 240 2234 et
254 2197 339 2234 fortitudo
356 2197 417 2234 aninti.
434 2197 506 2245 Sapiens
523 2210 566 2246 ergo
580 2212 651 2248 semper
665 2200 713 2237 idem
727 2211 752 2238 est
765 2203 830 2246 anirno,

94 2268 131 2292 non
145 2256 238 2300 minuitur,
252 2269 284 2293 nec
298 2266 371 2304 augetur
387 2256 518 2293 mutationibus
532 2270 596 2300 rennn,
611 2270 649 2305 nec,
663 2269 682 2295 ut
696 2260 786 2308 paruulus,
799 2260 832 2297 flu-

95 2325 148 2360 ctuat,
162 2324 182 2351 ut
196 2314 329 2352 circumferatur
347 2315 397 2352 omni
411 2324 466 2352 uento
480 2314 575 2359 doctrinae,
592 2316 622 2353 sed
636 2329 696 2354 manet
712 2318 800 2367 perfectus
814 2321 832 2356 in

94 2373 175 2419 Christo,
185 2373 269 2411 fundatus
283 2375 375 2419 charitate,
386 2373 509 2423 radicatusque
523 2376 540 2411 in
554 2375 594 2412 fidei
604 2376 721 2424 perfectione.
731 2378 831 2425 Postremo,
875 2377 941 2402 Pfflffl'

94 2431 157 2468 fratres
171 2433 208 2468 mei
222 2433 327 2479 charissimi,
337 2434 471 2481 perseverantia
480 2432 529 2469 uobis
543 2434 560 2470 in
574 2436 624 2472 omni
638 2449 692 2483 opere
706 2436 758 2481 bono,
769 2448 785 2475 et
799 2440 832 2475 uir·
853 2411 943 2480 lallllllnmelit

95 2501 148 2528 tuoso
162 2493 261 2529 necessaria
274 2502 310 2538 est,
324 2493 361 2529 sine
374 2505 409 2540 qua
422 2505 476 2529 nemo
492 2505 569 2541 unquam
584 2496 664 2541 pervenit
682 2496 704 2532 ad
721 2497 789 2545 gloriae
803 2511 832 2535 co·
854 2489 928 2542 vall‘llllllfl

95 2563 164 2588 ronam.
179 2551 227 2588 Dicit
245 2552 324 2588 enimin
341 2561 403 2587 sancto
417 2551 513 2600 Evangelio
526 2552 624 2591 Dominus:
639 2554 676 2597 Qui
694 2568 819 2603 perseveraret·

821 2568 834 2595 ll
855 2580 893 2606 Mart.
903 2587 910 2605 2
920 2598 923 2605 .

95 2624 152 2660 usque
166 2612 184 2659 in
197 2611 256 2657 finem,
270 2612 328 2648 salvus
342 2612 380 2648 erit.
394 2611 448 2648 Tolle
461 2614 617 2659 perseuerantiam,
632 2623 649 2649 et
662 2627 720 2664 neque
733 2617 789 2654 virtus
803 2619 833 2655 ha-
911 2588 919 2612 l

95 2669 142 2708 bebit
156 2674 262 2722 praemium,
271 2686 303 2709 nec
317 2672 418 2709 mercedem
433 2671 546 2722 obsequium,
560 2686 592 2709 nec
605 2674 682 2722 gratiam
692 2686 771 2714 meretur
785 2677 835 2716 bene·
