1968 3023
439 124 515 162 Humilia
529 124 593 162 XXIV.
851 125 883 170 169

148 213 206 239 autem
221 203 314 252 superbus,
329 204 438 250 luxuriosam,
454 203 562 248 immumlus,
577 214 593 240 et
607 202 683 250 iungitis,
696 202 725 238 vel
739 202 814 250 publicis
828 202 883 239 scele-

148 260 195 298 ribus
209 263 309 307 iuuodatus,
325 264 451 300 conscientiam
465 274 514 300 suam
529 263 608 300 studiosa
621 263 739 311 perversitate
756 261 852 307 obnubilat,
867 272 883 298 et

148 334 199 369 quam
217 336 291 360 erronee
305 324 326 360 de
340 323 399 360 futura
416 322 532 373 retributione
549 323 655 359 meritorum
674 324 745 368 sentiat,
759 332 776 358 et
789 321 852 368 verbis,
866 332 883 359 et

147 381 230 429 operibus
243 382 346 432 frequenter
356 382 464 420 manifestat.
476 382 555 419 Affectus
564 381 666 419 malitiosus
676 381 788 418 rectitudinis
797 382 882 430 pervertit

147 440 239 487 iudicium,
255 453 272 478 et
286 439 342 480 carnis
357 442 456 480 inordinata
466 442 610 491 concupiscentia
619 439 711 478 obnubilat
720 440 835 478 intellectum.
845 441 881 478 Ali-

914 483 917 489 *
935 447 983 489 l'usilln

147 500 217 548 quando
231 503 302 550 insuper
312 502 438 539 conscientiam
452 502 493 539 facit
507 514 564 538 errare
578 501 640 546 nimia,
654 510 671 536 et
685 500 802 537 immoderata
812 500 882 549 pusilla·
933 519 950 544 μ
975 518 982 542 ·.

147 559 222 603 nimitas,
237 561 284 610 quod
297 562 365 598 malum
379 563 443 610 partim
457 576 478 599 ex
491 562 591 611 ignorantia
602 561 688 607 nascitur,
698 562 762 609 partim
777 574 798 597 ex
811 574 881 597 sensua-
921 566 924 578 ¹

147 618 195 655 litate
213 622 284 669 propria
301 631 402 670 generatur.
419 623 438 658 ln
455 623 487 659 bac
505 632 563 658 autem
582 620 720 670 scrupulositate
738 620 836 657 monachus
854 621 882 657 vel

147 676 219 725 abbatis,
233 679 261 715 vel
274 681 350 716 senioris
364 680 437 717 alicuius
455 681 510 730 tnagis
524 681 592 730 experti
609 689 695 729 sequatur
713 679 812 723 consilium,
827 689 843 716 et
857 690 882 716 tc-

146 750 195 774 mere
208 752 244 775 non
258 739 341 776 defendat
359 741 426 788 proprii
444 741 505 788 capitis
523 741 658 777 sentimentum.
673 739 775 776 Periculosa
789 750 815 776 est
828 740 882 776 nimia

147 798 280 846 scrupulositas,
290 801 331 849 quia
345 801 472 837 conscientiam
486 801 503 837 iu
517 813 596 837 errorem
611 800 722 848 praecipitat,
731 810 748 837 et
762 800 828 837 multos
838 799 881 837 iuf-

147 856 203 894 licitet·
216 859 322 907 supplantat.
336 859 397 896 Omne
410 861 480 908 quippe,
495 859 542 908 quod
560 870 621 896 contra
635 859 762 896 conscientiam
781 861 845 910 agitur,
860 861 881 897 ad

146 915 235 953 infernum
249 918 341 955 aedificare
354 917 462 966 perhibetur.
476 919 535 955 Nimia
549 920 602 969 etiam
613 917 720 968 perplexitas
734 920 788 955 auitui
802 919 881 967 pluribus

146 977 214 1021 nocuit,
229 990 294 1027 eosque
307 979 324 1015 in
338 978 397 1015 varios
411 991 478 1015 errores
488 978 594 1027 praecipites
604 977 658 1014 dedit.
668 977 704 1021 Qui
718 987 777 1013 autem
792 991 833 1015 vere
843 992 881 1015 tno-

145 1036 211 1072 uacltus
222 1047 250 1073 est
259 1037 340 1082 humilis,
351 1036 372 1074 ad
382 1050 456 1074 examen
470 1050 488 1073 se
501 1037 569 1074 confert
583 1038 611 1073 sui
620 1037 700 1074 rectoris.
711 1037 764 1083 Nam,
774 1038 881 1087 quicumque

145 1096 240 1143 superioris
253 1097 281 1133 sui
298 1096 374 1133 consilio
388 1097 405 1132 iu
419 1095 476 1133 dubiis
494 1094 627 1133 occurrentibus
644 1096 706 1139 utitur,
720 1108 756 1132 non
774 1096 824 1133 facile
841 1097 881 1134 dae-

145 1167 218 1192 monum
233 1155 301 1192 insidiis
315 1155 445 1204 supplantatur.
460 1155 585 1192 Conscientiae
602 1156 650 1191 enim
668 1154 799 1192 monachorum
814 1166 880 1205 quanto

146 1215 202 1262 magis
216 1215 288 1263 praelati
302 1215 387 1263 sapientis
400 1214 507 1250 discussioni
521 1214 611 1262 expositae
624 1213 698 1258 fuerint,
712 1222 763 1251 tanto
777 1215 881 1261 securiores,

146 1285 165 1308 ac
178 1274 234 1322 magis
247 1273 316 1310 lucidae
329 1273 422 1309 nitescent.
436 1272 608 1321 Curandum-igitur
621 1273 639 1308 itt
656 1273 727 1320 primis,
741 1273 803 1310 fratres
817 1273 881 1310 charis-

145 1331 192 1377 sitni',
203 1342 222 1368 ut
231 1332 349 1370 conscientias
358 1330 437 1368 habeatis
446 1331 467 1368 ab
476 1332 526 1369 omui
535 1344 595 1368 errore
605 1331 676 1377 liberm,
685 1344 705 1368 ac
714 1331 778 1369 deinde
790 1346 799 1369 a
814 1334 881 1370 cunctis
925 1345 926 1348 ’

146 1391 191 1427 vitiis
205 1405 263 1440 puras,
277 1402 294 1428 et
307 1401 400 1440 postremo
413 1392 501 1427 virtutum
514 1391 596 1427 omniunt
609 1391 675 1427 sanctis
688 1390 774 1427 odoribus
784 1391 880 1429 decoratas.

145 1450 200 1487 Omni
214 1463 256 1499 ergo
267 1450 346 1488 custodia
359 1460 417 1492 servet
427 1463 457 1487 cor
466 1463 518 1487 suum
528 1449 627 1487 monachus
641 1450 659 1486 in
672 1450 746 1487 veritate
755 1451 827 1499 cupiens
840 1465 880 1500 pro-

144 1509 202 1555 ficere,
216 1520 232 1547 et
246 1520 333 1559 quantum
347 1510 386 1546 fieri
396 1520 460 1558 potest,
470 1510 569 1546 clausuram
583 1508 664 1546 sensibus
677 1508 764 1552 adhibeat,
774 1524 806 1547 nec
815 1510 881 1560 aliquid

145 1569 256 1608 mortiferum
267 1569 335 1619 ingredi
346 1571 443 1618 permittat.
454 1569 507 1613 Quod
521 1571 535 1606 si
549 1569 627 1619 qualibet
636 1570 731 1607 occasione
745 1584 764 1607 se
777 1572 794 1607 in
807 1571 879 1620 aliquod
931 1582 933 1588 ·
959 1581 961 1587 ’

144 1639 235 1677 peccatum
249 1629 334 1666 cecidisse
348 1629 458 1679 cognoverit,
472 1641 514 1665 mox
528 1628 572 1665 illud
585 1642 616 1677 per
629 1640 690 1681 verant
708 1630 837 1677 poenitentiam
850 1630 879 1667 de-

136 1688 179 1725 lere
191 1689 266 1732 studeat,
280 1701 313 1725 nec
326 1697 397 1736 tempus
412 1687 496 1725 concedat
510 1689 573 1725 semini
587 1701 651 1737 pravo,
666 1701 702 1737 quo
716 1689 735 1725 in
748 1687 824 1726 deterius
838 1702 879 1727 con-

143 1747 224 1784 valescat.
239 1748 287 1784 Dum
305 1759 380 1795 parvum
395 1758 421 1784 est
433 1747 505 1793 vulnus,
520 1747 625 1785 adhibeatur
641 1747 752 1795 remedium,
766 1749 851 1798 quoniam
864 1750 879 1786 si

144 1807 245 1855 negligitur,
261 1807 323 1844 crescit
340 1807 358 1843 in
376 1807 493 1844 immensum.
508 1808 572 1844 Primis
586 1809 641 1856 igitur
659 1806 738 1844 motibus
755 1808 879 1846 daemoniacae

144 1867 263 1915 suggestionis
273 1865 343 1903 fortiter
353 1864 416 1902 fratres
430 1866 465 1902 mei
479 1866 561 1911 resistite,
575 1876 592 1903 et
605 1866 683 1910 hostem,
693 1865 765 1915 quando
779 1880 849 1916 parvus,
862 1878 879 1905 et

143 1925 224 1962 infirmus
233 1937 266 1971 est,
277 1934 364 1974 superate.
374 1925 393 1961 Si
401 1936 444 1962 vero
454 1926 534 1973 corporis
544 1926 649 1962 sensualitas
660 1927 735 1963 omnino
744 1926 811 1963 lasciva
820 1927 879 1974 fuerit,

143 1985 186 2021 dura
200 1985 319 2022 maceratione
329 1982 424 2020 reducatur
437 1984 458 2020 ad
472 1984 597 2029 obedientiam,
607 1984 761 2035 quemadmodum
775 1985 835 2023 divum
850 2000 879 2036 pa-

143 2054 188 2082 trem
202 2054 288 2095 nostrum·
297 2042 412 2080 Benedictunt
426 2043 489 2080 fecisse
502 2045 585 2081 novimus
600 2057 640 2081 cum
654 2042 741 2081 lubricam
757 2046 813 2082 caruis
828 2054 879 2094 petu-

142 2103 222 2149 lantiam,
241 2104 344 2145 urticarum,
362 2102 479 2151 vepriumque
491 2103 624 2151 ,punctionibus
642 2103 742 2151 extirpavit.
760 2104 846 2153 Denique,
864 2106 878 2142 si

143 2163 238 2200 horrendas
252 2163 350 2211 impiorum
366 2160 434 2197 futuras
447 2174 514 2210 poenas
527 2163 548 2200 ad
562 2163 670 2200 memoriam
683 2162 746 2200 sedulo
759 2165 877 2209 revocaveris,

143 2221 214 2259 illicitos
232 2232 291 2258 motus
310 2221 366 2257 carnis
384 2219 434 2256 facile
451 2221 547 2270 superabis.
561 2222 620 2259 Nemo
635 2222 683 2259 eninr
697 2231 729 2265 est,
743 2223 773 2271 qui
790 2235 825 2260 nott
839 2223 878 2272 plus

142 2281 222 2318 dolorem
236 2282 303 2327 timeat,
317 2292 371 2328 quatu
384 2279 445 2328 diligat
457 2280 575 2329 voluptatem.
590 2280 660 2319 Gaudia
673 2294 745 2331 quoque
755 2294 840 2330 supernae
854 2283 878 2320 fe-

142 2340 218 2387 licitatis,
231 2340 251 2377 ad
265 2354 310 2390 quae
319 2338 412 2387 pervenite
422 2338 517 2386 desideras,
528 2340 549 2377 ad
563 2352 642 2378 tuentem
654 2340 724 2389 saepius
738 2339 823 2388 reducito,
833 2356 877 2391 quo-

116 2392 118 2397 ,
141 2403 195 2447 niam,
211 2402 225 2438 si
243 2410 262 2438 ea
280 2399 355 2437 fideliter
373 2398 484 2448 cogitaveris,
498 2401 555 2437 caruis
573 2400 675 2438 incendium
693 2400 763 2437 fortiter
780 2400 877 2450 mitigabis.

142 2461 232 2510 Quicquid
242 2458 336 2497 inmundo
346 2457 427 2502 delectat,
437 2459 557 2508 corruptibile,
567 2471 584 2497 et
597 2469 743 2498 momentaneum
753 2470 786 2505 est,
796 2470 877 2498 aeternae

142 2530 201 2557 autem
217 2519 315 2568 voluptatis
334 2516 399 2566 gaudia
416 2518 454 2554 siue
473 2517 508 2556 fine
525 2528 629 2568 permanent
647 2519 665 2554 iu
682 2527 781 2556 aeternum.
799 2519 878 2557 Stultum

142 2590 168 2617 est
182 2592 230 2628 ergo,
244 2589 261 2615 et
275 2588 364 2615 extremae
382 2575 482 2614 dementiae
500 2579 624 2615 transitorium
642 2577 759 2614 commodum
777 2578 847 2627 eligere,
861 2591 878 2617 et

142 2638 185 2675 illud
198 2637 272 2683 bonum,
287 2635 335 2685 quod
348 2636 367 2671 in
380 2645 470 2672 aeteruum
484 2647 550 2681 manet,
564 2648 685 2675 contemnere.
699 2636 768 2673 Stultus
786 2638 833 2687 apud
847 2639 878 2677 lto-

908 1651 982 1683 tentationi,

899 1686 937 1720 idque
953 1695 979 1720 quo

899 1722 945 1747 modo.

915 2291 957 2325 Magis
971 2291 981 2316 ti

898 2331 941 2351 tuetur
961 2325 978 2351 do

898 2359 925 2392 lor,
940 2368 970 2395 qua

898 2395 955 2429 diligitur
962 2404 980 2420 vo

898 2430 945 2464 luptas.
