1968 3023
381 170 459 208 Humilia
471 169 502 207 IX.
788 180 809 217 59

77 263 116 288 rum
130 249 181 287 dicit:
196 251 223 287 hn
237 250 315 295 nescitis,
325 250 409 298 quoniam
424 247 504 286 tnembra
517 259 574 286 uestra
585 249 671 298 templum
680 259 721 285 sunt
733 249 811 297 Spiritus
832 256 844 275 ²·
854 248 885 275 0⁰¹·
894 247 907 275 6.

77 309 142 355 Sancti,
155 310 185 358 qui
198 309 216 345 in
230 307 280 346 vobis
294 318 324 352 est,
339 320 392 357 quern
407 307 474 344 habetis
488 320 497 344 a
511 308 562 352 Deo,
577 317 594 344 et
607 320 642 345 non
656 309 698 344 estis
711 308 776 354 vestri,
791 320 811 344 ac

76 367 127 405 alibi:
147 367 243 417 Templum
262 368 307 404 enim
326 367 361 404 Dei
378 378 459 403 sanctum
477 376 509 410 est,
523 366 571 415 qarod
589 367 630 403 estis
647 380 685 404 uos
698 367 719 403 Et
733 367 754 404 de
771 368 811 415 ipso
832 371 908 399 aetra

76 427 131 464 Paulo
145 428 163 464 in
172 426 247 464 Acribus
260 427 389 476 Apostolorum
404 427 494 463 Dominus
508 426 552 463 dixit
561 425 582 462 ad
591 427 687 463 Arsaniam:
702 426 758 471 Vnde,
769 441 812 476 quo·
832 437 862 463 no.
871 443 883 470 9,

76 488 124 524 niam
137 500 168 524 vus
182 486 274 524 electionis
288 497 314 524 est
327 486 372 523 mihi
385 486 424 523 iste.
439 484 545 529 Monachus,
556 485 587 534 qui
600 485 661 522 ordine
675 485 780 523 sacerdotali
794 486 811 522 in

76 545 110 596 Dei
123 545 197 583 ecclesia
213 544 298 594 fungitur,
313 544 379 594 duplici
397 544 466 582 ratione
480 542 502 581 ad
515 544 636 580 sanctissimae
653 544 735 593 puritatis
751 543 811 581 obser-

77 605 156 641 varitiam
169 614 245 642 tenetur.
259 605 336 653 Oportet
349 604 396 641 enim
412 603 481 640 Christi
498 603 574 641 militem
591 613 663 652 propter
680 613 749 650 votum,
763 602 811 653 quod

76 664 115 702 Deo
129 662 176 709 fecit,
191 677 228 701 esse
242 676 311 712 purum,
326 673 413 708 sanctum,
427 672 445 700 et
458 664 475 700 in
489 662 540 700 bonis
554 662 637 712 operibus
650 664 715 712 iugiter
728 662 811 700 infatica-

77 723 137 767 bilern,
151 732 168 760 et
181 724 249 760 ratione
267 722 381 759 sacerdotalis
393 722 488 759 ministerii
506 722 661 771 circumspectum,
677 735 696 760 ac
713 723 811 772 diligentis-

77 783 123 819 sime
135 781 245 831 vigilantem.
259 782 349 831 Scriptum
363 793 389 818 est
403 781 460 819 enim:
474 781 579 818 Maledictus
593 782 654 828 horno,
668 782 697 831 qui
711 782 752 819 facit
765 794 811 831 opus
833 775 899 822 narsae.

76 842 111 879 Dei
124 841 240 891 negligenter.
258 841 295 878 Vos
312 841 391 877 ministri
409 842 452 877 estis
469 840 504 876 Dei
522 841 656 889 ornnipotentis,
672 842 701 890 qui
718 841 740 878 ad
757 842 811 879 altare

77 900 158 951 quotidie
172 901 228 937 hlium
242 901 279 936 eius
293 900 396 943 immolatis,
411 900 461 936 cuius
475 912 520 949 opus
529 900 548 936 in
557 899 638 937 tnantbns
651 901 714 937 vestris
728 903 811 938 connitit-

77 961 126 1007 titnr,
140 971 157 997 et
170 972 234 1007 magna
245 969 341 1008 propterea
353 959 420 1007 puritas
434 960 505 1002 mentis,
520 969 537 996 et
551 959 630 1007 corporis
640 959 725 997 investra
738 974 811 998 conver-

76 1021 146 1058 satione
159 1020 264 1068 postulatur.
274 1019 298 1055 Ut
308 1031 350 1067 ergo
363 1028 410 1055 casta
423 1029 527 1067 permaneat
540 1020 607 1067 puritas
619 1020 689 1066 mentis,
697 1033 769 1058 necesse
779 1032 811 1067 est,

77 1078 126 1129 quod
138 1080 255 1128 restringatur
269 1076 373 1115 instabilitas
387 1078 509 1125 cogitationis.
524 1076 640 1115 Custodiendi
653 1089 695 1115 sunt
708 1080 757 1117 ornni
766 1091 811 1117 rem-

77 1152 121 1188 pore
135 1150 203 1184 sertsus,
216 1150 248 1187 per
261 1150 305 1187 quos
320 1138 441 1185 corrumpitur
453 1137 546 1186 integritas
555 1137 626 1174 mentis.
635 1138 704 1176 Mortui
713 1141 760 1176 enim
769 1142 811 1178 estis

77 1198 150 1241 inundo,
164 1207 181 1234 et
195 1198 277 1246 coepistis
291 1198 326 1233 iam
339 1196 399 1245 vivere
414 1195 493 1242 Christo,
508 1208 545 1233 non
558 1196 599 1233 licet
612 1195 662 1234 vobis
680 1199 764 1247 cogitare,
777 1200 812 1236 nisi

77 1268 164 1303 sanctunr,
178 1270 211 1294 nec
224 1256 273 1293 decet
287 1268 319 1292 vos
332 1256 366 1292 Dei
381 1256 474 1293 ministros
492 1255 559 1305 aliquid
576 1268 635 1293 amare
653 1266 749 1296 terrenum.
762 1259 812 1296 Deus

77 1327 104 1354 est
117 1317 172 1361 enim,
187 1316 215 1352 cui
232 1315 301 1351 servitis
315 1328 326 1351 o
339 1314 434 1360 monachi3
453 1314 568 1363 omnipotens
586 1326 618 1361 est,
637 1316 665 1352 cui
682 1317 786 1355 ministratis
801 1332 811 1356 o

77 1375 141 1413 fratres
154 1376 195 1412 mei.
209 1374 270 1411 Vivite
283 1375 329 1422 puri,
342 1374 403 1419 sancti,
418 1383 434 1409 et
448 1374 560 1417 innocentes,
573 1375 614 1423 quia
627 1387 663 1411 non
676 1376 726 1412 decet
739 1390 772 1414 vos
782 1390 812 1415 oc·

70 1434 144 1483 ›cupari‘
154 1432 217 1470 mundi
233 1433 320 1481 negociis,
334 1432 365 1481 qui
382 1432 403 1468 ad
421 1431 506 1468 militiam
523 1432 557 1468 Dei
573 1434 632 1469 vocati
647 1434 695 1471 estis.
709 1434 781 1472 Crescat
794 1437 812 1473 in

77 1493 129 1532 vobis
142 1505 183 1530 cum
196 1501 277 1541 ternpore
290 1504 341 1529 amor
353 1492 395 1537 Dei,
410 1500 427 1527 ct
441 1492 510 1539 puritas
525 1491 591 1538 cordis,
604 1501 623 1528 ut
636 1504 701 1541 quanto
715 1494 781 1532 diutius
795 1496 812 1532 in

77 1553 112 1589 hoc
130 1551 197 1589 mundo
212 1548 281 1596 vivitis,
299 1560 348 1587 tanto
365 1550 463 1586 sanctiores
481 1550 566 1587 evadatis.
580 1551 644 1588 Visum
662 1550 682 1588 ab
697 1554 746 1590 orttni
763 1554 812 1592 malo

77 1623 148 1660 semper·
161 1611 241 1656 avertite,
254 1619 273 1645 ut
286 1609 359 1658 possitis
368 1609 386 1645 iu
396 1608 448 1645 bonis
462 1608 600 1657 cogitationibus
614 1610 652 1646 sine
664 1610 812 1661 defectuperma-

77 1683 124 1708 nere.
138 1669 207 1707 Oculos
217 1670 282 1705 mentis
295 1678 363 1704 uestrae
377 1680 448 1715 semper
457 1669 476 1705 in
486 1668 556 1704 coelum
570 1669 643 1718 erigite3
658 1679 675 1706 et
687 1670 745 1707 visum
755 1674 812 1709 caruis

77 1731 96 1766 in
109 1728 161 1766 rebus
174 1728 257 1776 perituris
270 1728 325 1765 nolite
339 1740 431 1776 occupare.
445 1727 533 1764 Auditum
551 1740 621 1777 quoque
636 1739 715 1767 vestrum
728 1731 749 1768 ab
763 1735 813 1769 omni

77 1802 161 1826 sermone
174 1787 237 1831 inutih,
251 1800 305 1834 vano,
320 1797 337 1824 et
350 1788 405 1824 stulto
419 1799 490 1835 serrtper
503 1787 578 1839 claudite
583 1803 588 1834 3
602 1798 619 1825 et
632 1787 712 1826 futurum
724 1792 757 1828 Dei
766 1792 811 1830 iudi-

78 1851 125 1886 ciuru
138 1860 208 1896 semper
222 1860 262 1884 cunt
275 1859 342 1895 pavore
356 1847 439 1895 cogitate.
452 1847 518 1883 Manus
530 1857 597 1884 vestras
606 1848 675 1893 illicito,
685 1860 701 1887 et
710 1852 758 1900 turpi
770 1864 811 1889 con-

77 1917 124 1945 tactu
138 1905 257 1957 quarumlibet
270 1918 330 1943 rerum
343 1906 399 1942 nolite
412 1905 499 1954 polluere,
509 1915 528 1941 ut
537 1906 571 1942 Dei
584 1906 640 1944 filium
650 1908 716 1946 mundo
730 1923 810 1960 corpore,

77 1977 95 2003 et
108 1979 152 2015 pura
166 1966 273 2004 conscientia
286 1965 358 2015 possitis
372 1965 471 2002 immolare.
485 1966 505 2001 ln
519 1964 565 2009 cibo,
579 1976 595 2002 et
608 1977 652 2015 potu
664 1980 700 2005 non
714 1978 740 2006 est
748 1982 811 2008 mona-

78 2027 153 2064 chorum
167 2037 239 2074 sapores
253 2025 357 2071 discernere,
370 2037 402 2060 nec
416 2023 466 2061 decet
474 2023 541 2060 milites
551 2025 617 2062 Christi
626 2028 727 2076 corporales
739 2029 811 2067 delicias

78 2099 143 2124 amare.
157 2086 225 2123 Natura
237 2097 292 2134 pauca
304 2086 385 2133 requirit,
398 2094 422 2130 et,
435 2084 499 2133 quibus
513 2084 575 2129 alatur,
589 2087 683 2134 rusticana,
694 2088 768 2128 cibaria:
782 2103 812 2140 ap·

77 2147 144 2197 petitus
157 2155 225 2191 autem,
239 2145 273 2181 nisi
286 2145 403 2193 restringatur
416 2144 492 2192 imperio
505 2146 585 2188 rationis,
599 2145 621 2182 ad
629 2146 690 2184 illicita
699 2146 771 2197 rapitur,
780 2163 812 2199 per

78 2219 131 2256 quem
145 2213 218 2243 naturae
231 2206 334 2255 simplicitas
349 2205 432 2242 violatur.
447 2204 542 2253 Crapulam
556 2206 575 2242 in
588 2206 670 2244 omnibus
688 2207 749 2258 fugite,
762 2219 780 2246 et
793 2211 812 2246 in

77 2269 127 2305 victu
140 2267 240 2316 regularem
254 2268 389 2317 temperantiam
403 2276 478 2303 servate.
492 2267 551 2304 Nemo
565 2276 644 2304 vestrum
657 2270 743 2317 patienter
752 2270 812 2308 audiat

78 2327 201 2365 detrahentem
217 2327 266 2363 fratri
274 2339 314 2372 suo,
326 2337 355 2363 aut
363 2326 410 2363 nude
420 2326 442 2363 de
450 2327 535 2374 proximo
544 2326 654 2376 loquentem.
663 2328 750 2377 Linguam
761 2343 812 2367 snam

77 2387 199 2437 unusquisque
212 2395 291 2424 vestrum
305 2385 325 2423 ab
339 2385 397 2423 inutili
411 2398 494 2423 sermone
507 2385 596 2432 cohibeat,
606 2397 623 2423 et
632 2387 677 2423 male
691 2387 739 2437 loqui
749 2389 770 2426 de
780 2389 812 2427 ho·

77 2447 155 2484 minibus
173 2447 273 2484 christianis
291 2446 347 2483 bonus
365 2447 465 2483 monachus
485 2446 585 2483 erubescat.
603 2447 699 2496 Nunquam
716 2449 785 2487 recedat
803 2462 813 2487 a

77 2508 164 2545 memoria
177 2517 236 2543 vestra
248 2507 277 2543 illa
291 2507 406 2543 comminatio
420 2506 495 2543 Domini
509 2507 527 2542 in
540 2516 602 2543 sancto
615 2507 712 2556 Evangelio
726 2508 811 2548 dicentis:

78 2568 103 2604 Ex
116 2567 224 2605 abundantia
237 2566 295 2603 cordis
308 2580 328 2603 os
342 2566 428 2616 loquitur.
441 2566 501 2604 bonus
514 2566 570 2604 homo
584 2566 605 2604 de
618 2567 666 2606 bono
679 2569 763 2608 thesauro
772 2584 813 2621 pro-

79 2626 115 2665 fert
127 2628 179 2677 bpna,
193 2638 210 2664 et
223 2627 280 2665 malus
293 2627 348 2664 homo
362 2627 383 2664 de
396 2627 445 2664 malo
458 2627 543 2665 thesauro
557 2628 624 2675 profert
637 2628 743 2667 mala‘Dico
753 2641 812 2668 autem

77 2687 136 2738 vobis,
150 2688 233 2741 quoniam
248 2702 301 2726 omne
317 2687 391 2726 verbum
410 2689 499 2736 ociosum,
513 2683 561 2739 quod
575 2689 631 2726 locuti
645 2689 709 2727 fuerint
722 2690 812 2738 homines,
