<?xml version="1.0" encoding="UTF-8"?>
<!DOCTYPE html PUBLIC "-//W3C//DTD XHTML 1.0 Transitional//EN"
    "http://www.w3.org/TR/xhtml1/DTD/xhtml1-transitional.dtd">
<html xmlns="http://www.w3.org/1999/xhtml" xml:lang="en" lang="en">
 <head>
  <title>
</title>
<meta http-equiv="Content-Type" content="text/html;charset=utf-8" />
  <meta name='ocr-system' content='tesseract 3.04.00' />
  <meta name='ocr-capabilities' content='ocr_page ocr_carea ocr_par ocr_line ocrx_word'/>
</head>
<body>
  <div class='ocr_page' id='page_1' title='image "MN5032ucmf_2_0163.png"; bbox 0 0 1968 3023; ppageno 0'>
   <div class='ocr_carea' id='block_1_1' title="bbox 422 196 859 240">
    <p class='ocr_par' dir='ltr' id='par_1_1' title="bbox 422 196 859 240">
     <span class='ocr_line' id='line_1_1' title="bbox 422 196 859 240; baseline -0.011 -6"><span class='ocrx_word' id='word_1_1' title='bbox 422 196 498 234; x_wconf 76' lang='lat' dir='ltr'>Hortailr&#39;a</span> <span class='ocrx_word' id='word_1_2' title='bbox 513 196 560 234; x_wconf 82' lang='lat' dir='ltr'>XXI.</span> <span class='ocrx_word' id='word_1_3' title='bbox 828 204 859 240; x_wconf 79' lang='lat'>¹51</span> 
     </span>
    </p>
   </div>
   <div class='ocr_carea' id='block_1_2' title="bbox 81 276 862 1576">
    <p class='ocr_par' dir='ltr' id='par_1_2' title="bbox 81 276 862 1576">
     <span class='ocr_line' id='line_1_2' title="bbox 124 276 860 328; baseline -0.008 -10"><span class='ocrx_word' id='word_1_4' title='bbox 124 281 200 328; x_wconf 83' lang='lat' dir='ltr'>sufficit,</span> <span class='ocrx_word' id='word_1_5' title='bbox 213 281 246 318; x_wconf 91' lang='lat' dir='ltr'>nisi</span> <span class='ocrx_word' id='word_1_6' title='bbox 260 280 328 318; x_wconf 77' lang='lat' dir='ltr'>dederit</span> <span class='ocrx_word' id='word_1_7' title='bbox 342 280 381 325; x_wconf 86' lang='lat' dir='ltr'>ille,</span> <span class='ocrx_word' id='word_1_8' title='bbox 396 279 426 328; x_wconf 89' lang='lat' dir='ltr'>qui</span> <span class='ocrx_word' id='word_1_9' title='bbox 440 288 520 316; x_wconf 89' lang='lat' dir='ltr'>naturam</span> <span class='ocrx_word' id='word_1_10' title='bbox 536 287 553 316; x_wconf 90' lang='lat' dir='ltr'>et</span> <span class='ocrx_word' id='word_1_11' title='bbox 569 278 629 314; x_wconf 89' lang='lat' dir='ltr'>omnia</span> <span class='ocrx_word' id='word_1_12' title='bbox 647 277 716 313; x_wconf 85' lang='lat' dir='ltr'>creavit.</span> <span class='ocrx_word' id='word_1_13' title='bbox 730 277 777 314; x_wconf 88' lang='lat' dir='ltr'>Nam</span> <span class='ocrx_word' id='word_1_14' title='bbox 791 276 860 325; x_wconf 89' lang='lat' dir='ltr'>quoties</span> 
     </span>
     <span class='ocr_line' id='line_1_3' title="bbox 124 334 861 390; baseline -0.009 -12"><span class='ocrx_word' id='word_1_15' title='bbox 124 349 186 378; x_wconf 91' lang='lat' dir='ltr'>natura</span> <span class='ocrx_word' id='word_1_16' title='bbox 196 353 226 390; x_wconf 93' lang='lat' dir='ltr'>per</span> <span class='ocrx_word' id='word_1_17' title='bbox 236 341 335 377; x_wconf 72' lang='lat' dir='ltr'>castitatem</span> <span class='ocrx_word' id='word_1_18' title='bbox 344 339 428 383; x_wconf 91' lang='lat' dir='ltr'>vincitur,</span> <span class='ocrx_word' id='word_1_19' title='bbox 440 339 489 374; x_wconf 80' lang='lat' dir='ltr'>Deras</span> <span class='ocrx_word' id='word_1_20' title='bbox 498 338 568 374; x_wconf 89' lang='lat' dir='ltr'>homini</span> <span class='ocrx_word' id='word_1_21' title='bbox 578 335 671 373; x_wconf 83' lang='lat' dir='ltr'>manifeste</span> <span class='ocrx_word' id='word_1_22' title='bbox 681 347 791 384; x_wconf 77' lang='lat' dir='ltr'>cooperatur.</span> <span class='ocrx_word' id='word_1_23' title='bbox 804 334 861 372; x_wconf 91' lang='lat' dir='ltr'>Habet</span> 
     </span>
     <span class='ocr_line' id='line_1_4' title="bbox 124 396 860 449; baseline -0.01 -11"><span class='ocrx_word' id='word_1_24' title='bbox 124 408 183 437; x_wconf 88' lang='lat' dir='ltr'>autern</span> <span class='ocrx_word' id='word_1_25' title='bbox 193 400 230 449; x_wconf 88' lang='lat' dir='ltr'>ipsa</span> <span class='ocrx_word' id='word_1_26' title='bbox 240 400 309 437; x_wconf 86' lang='lat' dir='ltr'>castitas</span> <span class='ocrx_word' id='word_1_27' title='bbox 319 400 337 436; x_wconf 93' lang='lat' dir='ltr'>iu</span> <span class='ocrx_word' id='word_1_28' title='bbox 347 396 484 447; x_wconf 81' lang='lat' dir='ltr'>pubescentibus</span> <span class='ocrx_word' id='word_1_29' title='bbox 494 396 565 434; x_wconf 88' lang='lat' dir='ltr'>difficile</span> <span class='ocrx_word' id='word_1_30' title='bbox 574 396 688 445; x_wconf 90' lang='lat' dir='ltr'>principium,</span> <span class='ocrx_word' id='word_1_31' title='bbox 698 408 790 444; x_wconf 81' lang='lat' dir='ltr'>quousque</span> <span class='ocrx_word' id='word_1_32' title='bbox 800 405 860 432; x_wconf 90' lang='lat' dir='ltr'>motus</span> 
     </span>
     <span class='ocr_line' id='line_1_5' title="bbox 124 453 862 508; baseline -0.007 -13"><span class='ocrx_word' id='word_1_33' title='bbox 124 459 196 496; x_wconf 84' lang='lat' dir='ltr'>illicitae</span> <span class='ocrx_word' id='word_1_34' title='bbox 211 459 325 508; x_wconf 81' lang='lat' dir='ltr'>cogitationis</span> <span class='ocrx_word' id='word_1_35' title='bbox 339 458 414 495; x_wconf 89' lang='lat' dir='ltr'>ducatur</span> <span class='ocrx_word' id='word_1_36' title='bbox 427 457 445 494; x_wconf 92' lang='lat' dir='ltr'>in</span> <span class='ocrx_word' id='word_1_37' title='bbox 459 465 589 505; x_wconf 89' lang='lat' dir='ltr'>contemptum.</span> <span class='ocrx_word' id='word_1_38' title='bbox 603 454 679 491; x_wconf 89' lang='lat' dir='ltr'>Castitas</span> <span class='ocrx_word' id='word_1_39' title='bbox 689 453 827 493; x_wconf 76' lang='lat' dir='ltr'>fornicationem</span> <span class='ocrx_word' id='word_1_40' title='bbox 836 454 862 490; x_wconf 90' lang='lat' dir='ltr'>fu·</span> 
     </span>
     <span class='ocr_line' id='line_1_6' title="bbox 124 513 861 568; baseline -0.005 -13"><span class='ocrx_word' id='word_1_41' title='bbox 124 517 189 568; x_wconf 81' lang='lat' dir='ltr'>giendo</span> <span class='ocrx_word' id='word_1_42' title='bbox 203 519 271 567; x_wconf 89' lang='lat' dir='ltr'>potius,</span> <span class='ocrx_word' id='word_1_43' title='bbox 290 531 342 567; x_wconf 91' lang='lat' dir='ltr'>quam</span> <span class='ocrx_word' id='word_1_44' title='bbox 362 515 492 563; x_wconf 87' lang='lat' dir='ltr'>concertando,</span> <span class='ocrx_word' id='word_1_45' title='bbox 507 525 610 564; x_wconf 78' lang='lat' dir='ltr'>exsuperat,</span> <span class='ocrx_word' id='word_1_46' title='bbox 627 514 710 563; x_wconf 87' lang='lat' dir='ltr'>quoniam</span> <span class='ocrx_word' id='word_1_47' title='bbox 724 524 751 552; x_wconf 90' lang='lat' dir='ltr'>tot</span> <span class='ocrx_word' id='word_1_48' title='bbox 768 513 861 551; x_wconf 84' lang='lat' dir='ltr'>subtilibus</span> 
     </span>
     <span class='ocr_line' id='line_1_7' title="bbox 125 573 861 626; baseline -0.008 -11"><span class='ocrx_word' id='word_1_49' title='bbox 125 579 177 615; x_wconf 88' lang='lat' dir='ltr'>armis</span> <span class='ocrx_word' id='word_1_50' title='bbox 191 578 260 614; x_wconf 87' lang='lat' dir='ltr'>luxuria</span> <span class='ocrx_word' id='word_1_51' title='bbox 277 577 433 626; x_wconf 81' lang='lat' dir='ltr'>circumcingitur,</span> <span class='ocrx_word' id='word_1_52' title='bbox 447 586 466 613; x_wconf 92' lang='lat' dir='ltr'>ut</span> <span class='ocrx_word' id='word_1_53' title='bbox 479 575 526 613; x_wconf 90' lang='lat' dir='ltr'>ultro</span> <span class='ocrx_word' id='word_1_54' title='bbox 544 576 567 612; x_wconf 92' lang='lat' dir='ltr'>sit</span> <span class='ocrx_word' id='word_1_55' title='bbox 580 573 683 611; x_wconf 88' lang='lat' dir='ltr'>declinanda</span> <span class='ocrx_word' id='word_1_56' title='bbox 701 574 803 623; x_wconf 82' lang='lat' dir='ltr'>priusquam</span> <span class='ocrx_word' id='word_1_57' title='bbox 820 586 861 610; x_wconf 87' lang='lat' dir='ltr'>con-</span> 
     </span>
     <span class='ocr_line' id='line_1_8' title="bbox 81 629 862 686; baseline -0.006 -12"><span class='ocrx_word' id='word_1_58' title='bbox 81 629 82 632; x_wconf 24' lang='lat'><em>*</em></span> <span class='ocrx_word' id='word_1_59' title='bbox 124 637 219 686; x_wconf 89' lang='lat' dir='ltr'>grediatur.</span> <span class='ocrx_word' id='word_1_60' title='bbox 234 637 381 685; x_wconf 85' lang='lat' dir='ltr'>Quotiescunque</span> <span class='ocrx_word' id='word_1_61' title='bbox 399 648 443 684; x_wconf 86' lang='lat' dir='ltr'>ergo</span> <span class='ocrx_word' id='word_1_62' title='bbox 461 636 531 672; x_wconf 90' lang='lat' dir='ltr'>animus</span> <span class='ocrx_word' id='word_1_63' title='bbox 549 635 629 672; x_wconf 82' lang='lat' dir='ltr'>luxuriae</span> <span class='ocrx_word' id='word_1_64' title='bbox 642 633 720 671; x_wconf 83' lang='lat' dir='ltr'>nantibus</span> <span class='ocrx_word' id='word_1_65' title='bbox 736 634 819 683; x_wconf 81' lang='lat' dir='ltr'>tangitur,</span> <span class='ocrx_word' id='word_1_66' title='bbox 834 633 862 669; x_wconf 92' lang='lat' dir='ltr'>di-</span> 
     </span>
     <span class='ocr_line' id='line_1_9' title="bbox 124 692 861 741; baseline -0.007 -8"><span class='ocrx_word' id='word_1_67' title='bbox 124 697 185 733; x_wconf 88' lang='lat' dir='ltr'>vinum</span> <span class='ocrx_word' id='word_1_68' title='bbox 200 696 237 732; x_wconf 93' lang='lat' dir='ltr'>sine</span> <span class='ocrx_word' id='word_1_69' title='bbox 252 708 302 733; x_wconf 89' lang='lat' dir='ltr'>mora</span> <span class='ocrx_word' id='word_1_70' title='bbox 315 695 401 732; x_wconf 89' lang='lat' dir='ltr'>auxilium</span> <span class='ocrx_word' id='word_1_71' title='bbox 416 694 515 741; x_wconf 85' lang='lat' dir='ltr'>invocetur,</span> <span class='ocrx_word' id='word_1_72' title='bbox 525 708 561 731; x_wconf 92' lang='lat' dir='ltr'>non</span> <span class='ocrx_word' id='word_1_73' title='bbox 575 693 627 731; x_wconf 92' lang='lat' dir='ltr'>detur</span> <span class='ocrx_word' id='word_1_74' title='bbox 640 693 742 730; x_wconf 82' lang='lat' dir='ltr'>iraarnuudae</span> <span class='ocrx_word' id='word_1_75' title='bbox 756 692 861 741; x_wconf 81' lang='lat' dir='ltr'>cogitationi</span> 
     </span>
     <span class='ocr_line' id='line_1_10' title="bbox 124 752 861 804; baseline -0.007 -11"><span class='ocrx_word' id='word_1_76' title='bbox 124 754 259 793; x_wconf 82' lang='lat' dir='ltr'>deliberacionis</span> <span class='ocrx_word' id='word_1_77' title='bbox 273 755 359 804; x_wconf 87' lang='lat' dir='ltr'>spacium,</span> <span class='ocrx_word' id='word_1_78' title='bbox 370 753 400 791; x_wconf 88' lang='lat' dir='ltr'>sed</span> <span class='ocrx_word' id='word_1_79' title='bbox 414 767 456 791; x_wconf 86' lang='lat' dir='ltr'>tnox</span> <span class='ocrx_word' id='word_1_80' title='bbox 470 765 489 791; x_wconf 97' lang='lat' dir='ltr'>ut</span> <span class='ocrx_word' id='word_1_81' title='bbox 502 755 562 791; x_wconf 89' lang='lat' dir='ltr'>sentiri</span> <span class='ocrx_word' id='word_1_82' title='bbox 573 753 644 801; x_wconf 86' lang='lat' dir='ltr'>ceperit,</span> <span class='ocrx_word' id='word_1_83' title='bbox 654 765 684 801; x_wconf 92' lang='lat' dir='ltr'>per</span> <span class='ocrx_word' id='word_1_84' title='bbox 696 752 791 790; x_wconf 85' lang='lat' dir='ltr'>oblivionis</span> <span class='ocrx_word' id='word_1_85' title='bbox 804 764 861 788; x_wconf 88' lang='lat' dir='ltr'>reme-</span> 
     </span>
     <span class='ocr_line' id='line_1_11' title="bbox 124 812 861 863; baseline -0.004 -11"><span class='ocrx_word' id='word_1_86' title='bbox 124 815 173 852; x_wconf 87' lang='lat' dir='ltr'>dium</span> <span class='ocrx_word' id='word_1_87' title='bbox 187 813 261 850; x_wconf 90' lang='lat' dir='ltr'>ducatur</span> <span class='ocrx_word' id='word_1_88' title='bbox 275 815 292 850; x_wconf 91' lang='lat' dir='ltr'>in</span> <span class='ocrx_word' id='word_1_89' title='bbox 306 823 436 862; x_wconf 89' lang='lat' dir='ltr'>contemptum.</span> <span class='ocrx_word' id='word_1_90' title='bbox 451 814 496 850; x_wconf 89' lang='lat' dir='ltr'>Cum</span> <span class='ocrx_word' id='word_1_91' title='bbox 511 814 562 851; x_wconf 86' lang='lat' dir='ltr'>hoste</span> <span class='ocrx_word' id='word_1_92' title='bbox 576 812 698 863; x_wconf 84' lang='lat' dir='ltr'>fraudulento,</span> <span class='ocrx_word' id='word_1_93' title='bbox 713 823 730 849; x_wconf 92' lang='lat' dir='ltr'>et</span> <span class='ocrx_word' id='word_1_94' title='bbox 746 814 775 861; x_wconf 90' lang='lat' dir='ltr'>qui</span> <span class='ocrx_word' id='word_1_95' title='bbox 790 825 861 862; x_wconf 86' lang='lat' dir='ltr'>semper</span> 
     </span>
     <span class='ocr_line' id='line_1_12' title="bbox 124 871 861 921; baseline -0.003 -11"><span class='ocrx_word' id='word_1_96' title='bbox 124 874 178 911; x_wconf 88' lang='lat' dir='ltr'>utitur</span> <span class='ocrx_word' id='word_1_97' title='bbox 192 873 267 919; x_wconf 90' lang='lat' dir='ltr'>insidiis,</span> <span class='ocrx_word' id='word_1_98' title='bbox 280 873 328 910; x_wconf 88' lang='lat' dir='ltr'>nulla</span> <span class='ocrx_word' id='word_1_99' title='bbox 342 874 467 920; x_wconf 72' lang='lat' dir='ltr'>sunt&#39;penitus</span> <span class='ocrx_word' id='word_1_100' title='bbox 482 872 615 909; x_wconf 88' lang='lat' dir='ltr'>commiscenda</span> <span class='ocrx_word' id='word_1_101' title='bbox 631 871 725 921; x_wconf 87' lang='lat' dir='ltr'>colloquia,</span> <span class='ocrx_word' id='word_1_102' title='bbox 739 883 756 909; x_wconf 91' lang='lat' dir='ltr'>et</span> <span class='ocrx_word' id='word_1_103' title='bbox 770 885 811 909; x_wconf 90' lang='lat' dir='ltr'>cum</span> <span class='ocrx_word' id='word_1_104' title='bbox 829 873 861 908; x_wconf 90' lang='lat' dir='ltr'>im-</span> 
     </span>
     <span class='ocr_line' id='line_1_13' title="bbox 125 930 862 981; baseline -0.004 -11"><span class='ocrx_word' id='word_1_105' title='bbox 125 932 194 970; x_wconf 90' lang='lat' dir='ltr'>mundis</span> <span class='ocrx_word' id='word_1_106' title='bbox 213 932 351 981; x_wconf 81' lang='lat' dir='ltr'>cogitationibus</span> <span class='ocrx_word' id='word_1_107' title='bbox 369 933 425 968; x_wconf 86' lang='lat' dir='ltr'>carnis</span> <span class='ocrx_word' id='word_1_108' title='bbox 443 945 479 969; x_wconf 92' lang='lat' dir='ltr'>non</span> <span class='ocrx_word' id='word_1_109' title='bbox 499 942 540 969; x_wconf 89' lang='lat' dir='ltr'>sunt</span> <span class='ocrx_word' id='word_1_110' title='bbox 558 930 647 968; x_wconf 86' lang='lat' dir='ltr'>tractanda</span> <span class='ocrx_word' id='word_1_111' title='bbox 668 930 747 968; x_wconf 87' lang='lat' dir='ltr'>consilia.</span> <span class='ocrx_word' id='word_1_112' title='bbox 765 932 862 968; x_wconf 91' lang='lat' dir='ltr'>Enimvero</span> 
     </span>
     <span class='ocr_line' id='line_1_14' title="bbox 124 990 861 1040; baseline -0.001 -12"><span class='ocrx_word' id='word_1_113' title='bbox 124 992 157 1028; x_wconf 86' lang='lat' dir='ltr'>nisi</span> <span class='ocrx_word' id='word_1_114' title='bbox 171 1001 222 1039; x_wconf 87' lang='lat' dir='ltr'>caput</span> <span class='ocrx_word' id='word_1_115' title='bbox 236 992 323 1040; x_wconf 91' lang='lat' dir='ltr'>serpentis</span> <span class='ocrx_word' id='word_1_116' title='bbox 334 1002 420 1037; x_wconf 89' lang='lat' dir='ltr'>conteras,</span> <span class='ocrx_word' id='word_1_117' title='bbox 430 990 502 1027; x_wconf 85' lang='lat' dir='ltr'>labitur:</span> <span class='ocrx_word' id='word_1_118' title='bbox 518 1001 535 1028; x_wconf 91' lang='lat' dir='ltr'>et</span> <span class='ocrx_word' id='word_1_119' title='bbox 548 992 581 1028; x_wconf 93' lang='lat' dir='ltr'>nisi</span> <span class='ocrx_word' id='word_1_120' title='bbox 595 999 655 1027; x_wconf 87' lang='lat' dir='ltr'>motus</span> <span class='ocrx_word' id='word_1_121' title='bbox 669 990 749 1027; x_wconf 88' lang='lat' dir='ltr'>luxuriae</span> <span class='ocrx_word' id='word_1_122' title='bbox 760 1004 802 1028; x_wconf 89' lang='lat' dir='ltr'>ruox</span> <span class='ocrx_word' id='word_1_123' title='bbox 813 1004 861 1027; x_wconf 87' lang='lat' dir='ltr'>corn-</span> 
     </span>
     <span class='ocr_line' id='line_1_15' title="bbox 124 1049 862 1100; baseline -0.001 -12"><span class='ocrx_word' id='word_1_124' title='bbox 124 1051 189 1100; x_wconf 91' lang='lat' dir='ltr'>primas</span> <span class='ocrx_word' id='word_1_125' title='bbox 203 1064 212 1087; x_wconf 87' lang='lat' dir='ltr'>a</span> <span class='ocrx_word' id='word_1_126' title='bbox 226 1051 319 1099; x_wconf 90' lang='lat' dir='ltr'>principio,</span> <span class='ocrx_word' id='word_1_127' title='bbox 330 1050 442 1088; x_wconf 84' lang='lat' dir='ltr'>roborantur.</span> <span class='ocrx_word' id='word_1_128' title='bbox 456 1051 518 1087; x_wconf 86' lang='lat' dir='ltr'>Monet</span> <span class='ocrx_word' id='word_1_129' title='bbox 532 1061 602 1087; x_wconf 91' lang='lat' dir='ltr'>sanctus</span> <span class='ocrx_word' id='word_1_130' title='bbox 613 1049 680 1087; x_wconf 84' lang='lat' dir='ltr'>Claristi</span> <span class='ocrx_word' id='word_1_131' title='bbox 689 1051 787 1098; x_wconf 88' lang='lat' dir='ltr'>Apostolus</span> <span class='ocrx_word' id='word_1_132' title='bbox 797 1051 862 1087; x_wconf 87' lang='lat' dir='ltr'>Paulus</span> 
     </span>
     <span class='ocr_line' id='line_1_16' title="bbox 125 1108 862 1158; baseline -0.003 -10"><span class='ocrx_word' id='word_1_133' title='bbox 125 1119 186 1148; x_wconf 89' lang='lat' dir='ltr'>contra</span> <span class='ocrx_word' id='word_1_134' title='bbox 203 1109 291 1158; x_wconf 87' lang='lat' dir='ltr'>quaelibet</span> <span class='ocrx_word' id='word_1_135' title='bbox 305 1111 348 1147; x_wconf 88' lang='lat' dir='ltr'>vitia</span> <span class='ocrx_word' id='word_1_136' title='bbox 364 1109 490 1157; x_wconf 89' lang='lat' dir='ltr'>pugnandum,</span> <span class='ocrx_word' id='word_1_137' title='bbox 505 1110 643 1147; x_wconf 83' lang='lat' dir='ltr'>fornicationem</span> <span class='ocrx_word' id='word_1_138' title='bbox 660 1109 717 1146; x_wconf 89' lang='lat' dir='ltr'>solam</span> <span class='ocrx_word' id='word_1_139' title='bbox 735 1110 819 1158; x_wconf 90' lang='lat' dir='ltr'>praecipit</span> <span class='ocrx_word' id='word_1_140' title='bbox 835 1108 862 1146; x_wconf 84' lang='lat' dir='ltr'>fu-</span> 
     </span>
     <span class='ocr_line' id='line_1_17' title="bbox 124 1168 861 1219; baseline -0.001 -12"><span class='ocrx_word' id='word_1_141' title='bbox 124 1169 212 1219; x_wconf 89' lang='lat' dir='ltr'>giendam.</span> <span class='ocrx_word' id='word_1_142' title='bbox 226 1169 321 1205; x_wconf 87' lang='lat' dir='ltr'>Materiam</span> <span class='ocrx_word' id='word_1_143' title='bbox 335 1178 397 1206; x_wconf 88' lang='lat' dir='ltr'>contra</span> <span class='ocrx_word' id='word_1_144' title='bbox 411 1182 444 1206; x_wconf 91' lang='lat' dir='ltr'>nos</span> <span class='ocrx_word' id='word_1_145' title='bbox 457 1170 542 1206; x_wconf 89' lang='lat' dir='ltr'>victoriae</span> <span class='ocrx_word' id='word_1_146' title='bbox 552 1168 699 1215; x_wconf 86' lang='lat' dir='ltr'>circumferimus,</span> <span class='ocrx_word' id='word_1_147' title='bbox 708 1178 802 1218; x_wconf 83' lang='lat' dir='ltr'>propterea</span> <span class='ocrx_word' id='word_1_148' title='bbox 815 1168 861 1214; x_wconf 90' lang='lat' dir='ltr'>vult,</span> 
     </span>
     <span class='ocr_line' id='line_1_18' title="bbox 124 1227 861 1279; baseline -0.001 -13"><span class='ocrx_word' id='word_1_149' title='bbox 124 1228 171 1279; x_wconf 85' lang='lat' dir='ltr'>quod</span> <span class='ocrx_word' id='word_1_150' title='bbox 184 1228 256 1265; x_wconf 85' lang='lat' dir='ltr'>hostem</span> <span class='ocrx_word' id='word_1_151' title='bbox 270 1228 365 1278; x_wconf 82' lang='lat' dir='ltr'>fugiamus.</span> <span class='ocrx_word' id='word_1_152' title='bbox 380 1229 456 1266; x_wconf 79' lang='lat' dir='ltr'>Castitas</span> <span class='ocrx_word' id='word_1_153' title='bbox 471 1229 537 1266; x_wconf 85' lang='lat' dir='ltr'>ieiunio</span> <span class='ocrx_word' id='word_1_154' title='bbox 551 1229 609 1275; x_wconf 90' lang='lat' dir='ltr'>alitur,</span> <span class='ocrx_word' id='word_1_155' title='bbox 623 1227 665 1277; x_wconf 86' lang='lat' dir='ltr'>gula</span> <span class='ocrx_word' id='word_1_156' title='bbox 677 1228 797 1277; x_wconf 85' lang='lat' dir='ltr'>naufragatur.</span> <span class='ocrx_word' id='word_1_157' title='bbox 809 1228 861 1265; x_wconf 90' lang='lat' dir='ltr'>Unde</span> 
     </span>
     <span class='ocr_line' id='line_1_19' title="bbox 124 1286 860 1337; baseline -0.001 -12"><span class='ocrx_word' id='word_1_158' title='bbox 124 1290 139 1325; x_wconf 91' lang='lat' dir='ltr'>si</span> <span class='ocrx_word' id='word_1_159' title='bbox 153 1288 251 1325; x_wconf 91' lang='lat' dir='ltr'>castitatem</span> <span class='ocrx_word' id='word_1_160' title='bbox 265 1287 330 1337; x_wconf 88' lang='lat' dir='ltr'>diligis,</span> <span class='ocrx_word' id='word_1_161' title='bbox 344 1301 383 1325; x_wconf 92' lang='lat' dir='ltr'>ama</span> <span class='ocrx_word' id='word_1_162' title='bbox 397 1288 492 1334; x_wconf 85' lang='lat' dir='ltr'>ieiunium,</span> <span class='ocrx_word' id='word_1_163' title='bbox 507 1299 526 1325; x_wconf 88' lang='lat' dir='ltr'>ut</span> <span class='ocrx_word' id='word_1_164' title='bbox 539 1289 659 1325; x_wconf 89' lang='lat' dir='ltr'>necessarlum</span> <span class='ocrx_word' id='word_1_165' title='bbox 673 1286 735 1325; x_wconf 88' lang='lat' dir='ltr'>lrabeat</span> <span class='ocrx_word' id='word_1_166' title='bbox 750 1288 860 1325; x_wconf 78' lang='lat' dir='ltr'>alimentum</span> 
     </span>
     <span class='ocr_line' id='line_1_20' title="bbox 125 1347 860 1397; baseline 0 -13"><span class='ocrx_word' id='word_1_167' title='bbox 125 1349 161 1393; x_wconf 89' lang='lat' dir='ltr'>Qui</span> <span class='ocrx_word' id='word_1_168' title='bbox 175 1358 232 1384; x_wconf 92' lang='lat' dir='ltr'>castus</span> <span class='ocrx_word' id='word_1_169' title='bbox 246 1358 272 1385; x_wconf 93' lang='lat' dir='ltr'>est</span> <span class='ocrx_word' id='word_1_170' title='bbox 278 1349 334 1397; x_wconf 88' lang='lat' dir='ltr'>,apis</span> <span class='ocrx_word' id='word_1_171' title='bbox 353 1347 428 1384; x_wconf 86' lang='lat' dir='ltr'>rudus</span> <span class='ocrx_word' id='word_1_172' title='bbox 406 1357 459 1384; x_wconf 88' lang='grc'><strong>11111</strong></span> <span class='ocrx_word' id='word_1_173' title='bbox 477 1349 568 1397; x_wconf 90' lang='lat' dir='ltr'>sequitur.</span> <span class='ocrx_word' id='word_1_174' title='bbox 583 1356 601 1384; x_wconf 91' lang='lat' dir='ltr'>et</span> <span class='ocrx_word' id='word_1_175' title='bbox 614 1348 643 1396; x_wconf 94' lang='lat' dir='ltr'>qui</span> <span class='ocrx_word' id='word_1_176' title='bbox 657 1360 697 1384; x_wconf 91' lang='lat' dir='ltr'>vere</span> <span class='ocrx_word' id='word_1_177' title='bbox 711 1358 737 1384; x_wconf 92' lang='lat' dir='ltr'>est</span> <span class='ocrx_word' id='word_1_178' title='bbox 754 1347 860 1394; x_wconf 86' lang='lat' dir='ltr'>monachus,</span> 
     </span>
     <span class='ocr_line' id='line_1_21' title="bbox 125 1406 862 1457; baseline 0 -14"><span class='ocrx_word' id='word_1_179' title='bbox 125 1408 174 1457; x_wconf 90' lang='lat' dir='ltr'>quasi</span> <span class='ocrx_word' id='word_1_180' title='bbox 169 1406 271 1444; x_wconf 84' lang='lat' dir='ltr'>romuibus</span> <span class='ocrx_word' id='word_1_181' title='bbox 285 1406 359 1444; x_wconf 89' lang='lat' dir='ltr'>floribus</span> <span class='ocrx_word' id='word_1_182' title='bbox 376 1417 477 1452; x_wconf 83' lang='lat' dir='ltr'>exornatus,</span> <span class='ocrx_word' id='word_1_183' title='bbox 492 1408 559 1444; x_wconf 90' lang='lat' dir='ltr'>cunctis</span> <span class='ocrx_word' id='word_1_184' title='bbox 575 1408 629 1443; x_wconf 82' lang='lat' dir='ltr'>virtut</span> <span class='ocrx_word' id='word_1_185' title='bbox 623 1406 669 1444; x_wconf 90' lang='lat' dir='ltr'>btius</span> <span class='ocrx_word' id='word_1_186' title='bbox 685 1407 784 1444; x_wconf 91' lang='lat' dir='ltr'>decoratur.</span> <span class='ocrx_word' id='word_1_187' title='bbox 799 1407 862 1444; x_wconf 90' lang='lat' dir='ltr'>Castus</span> 
     </span>
     <span class='ocr_line' id='line_1_22' title="bbox 125 1466 862 1516; baseline -0.001 -13"><span class='ocrx_word' id='word_1_188' title='bbox 125 1476 151 1504; x_wconf 90' lang='lat' dir='ltr'>est</span> <span class='ocrx_word' id='word_1_189' title='bbox 164 1479 200 1503; x_wconf 91' lang='lat' dir='ltr'>non</span> <span class='ocrx_word' id='word_1_190' title='bbox 214 1467 278 1510; x_wconf 81' lang='lat' dir='ltr'>omnis¹</span> <span class='ocrx_word' id='word_1_191' title='bbox 293 1467 323 1516; x_wconf 89' lang='lat' dir='ltr'>qui</span> <span class='ocrx_word' id='word_1_192' title='bbox 337 1467 394 1503; x_wconf 89' lang='lat' dir='ltr'>nescit</span> <span class='ocrx_word' id='word_1_193' title='bbox 407 1466 502 1513; x_wconf 85' lang='lat' dir='ltr'>luxuriam,</span> <span class='ocrx_word' id='word_1_194' title='bbox 516 1467 547 1503; x_wconf 89' lang='lat' dir='ltr'>sed</span> <span class='ocrx_word' id='word_1_195' title='bbox 561 1466 610 1516; x_wconf 82' lang='lat' dir='ltr'>quir</span> <span class='ocrx_word' id='word_1_196' title='bbox 605 1466 623 1502; x_wconf 92' lang='grc'>111</span> <span class='ocrx_word' id='word_1_197' title='bbox 636 1479 687 1503; x_wconf 93' lang='lat' dir='ltr'>carne</span> <span class='ocrx_word' id='word_1_198' title='bbox 699 1478 751 1514; x_wconf 54' lang='lat' dir='ltr'>puram</span> <span class='ocrx_word' id='word_1_199' title='bbox 766 1476 782 1503; x_wconf 90' lang='lat' dir='ltr'>et</span> <span class='ocrx_word' id='word_1_200' title='bbox 795 1466 862 1503; x_wconf 80' lang='lat' dir='ltr'>munda</span> 
     </span>
     <span class='ocr_line' id='line_1_23' title="bbox 124 1525 862 1576; baseline -0.003 -13"><span class='ocrx_word' id='word_1_201' title='bbox 124 1539 156 1576; x_wconf 93' lang='lat' dir='ltr'>pro</span> <span class='ocrx_word' id='word_1_202' title='bbox 170 1526 238 1563; x_wconf 87' lang='lat' dir='ltr'>Christi</span> <span class='ocrx_word' id='word_1_203' title='bbox 255 1540 315 1564; x_wconf 86' lang='lat' dir='ltr'>amore</span> <span class='ocrx_word' id='word_1_204' title='bbox 333 1526 395 1570; x_wconf 86' lang='lat' dir='ltr'>solius,</span> <span class='ocrx_word' id='word_1_205' title='bbox 409 1527 464 1563; x_wconf 89' lang='lat' dir='ltr'>etiarn</span> <span class='ocrx_word' id='word_1_206' title='bbox 482 1527 546 1563; x_wconf 90' lang='lat' dir='ltr'>mentis</span> <span class='ocrx_word' id='word_1_207' title='bbox 560 1525 629 1563; x_wconf 90' lang='lat' dir='ltr'>obtinet</span> <span class='ocrx_word' id='word_1_208' title='bbox 644 1526 761 1563; x_wconf 89' lang='lat' dir='ltr'>sanctitatem.</span> <span class='ocrx_word' id='word_1_209' title='bbox 775 1526 862 1574; x_wconf 87' lang='lat' dir='ltr'>Alioquin</span> 
     </span>
    </p>
   </div>
   <div class='ocr_carea' id='block_1_3' title="bbox 881 340 971 522">
    <p class='ocr_par' dir='ltr' id='par_1_3' title="bbox 881 340 971 522">
     <span class='ocr_line' id='line_1_24' title="bbox 903 340 971 367; baseline 0.015 -2"><span class='ocrx_word' id='word_1_210' title='bbox 903 340 971 367; x_wconf 79' lang='lat' dir='ltr'>Vincenda</span> 
     </span>
     <span class='ocr_line' id='line_1_25' title="bbox 881 376 970 402; baseline 0.011 -1"><span class='ocrx_word' id='word_1_211' title='bbox 881 376 922 402; x_wconf 81' lang='lat' dir='ltr'>libido</span> <span class='ocrx_word' id='word_1_212' title='bbox 940 384 970 402; x_wconf 87' lang='lat' dir='ltr'>om·</span> 
     </span>
     <span class='ocr_line' id='line_1_26' title="bbox 882 417 971 452; baseline 0.022 -11"><span class='ocrx_word' id='word_1_213' title='bbox 882 417 906 449; x_wconf 85' lang='lat' dir='ltr'>nis,</span> <span class='ocrx_word' id='word_1_214' title='bbox 913 425 940 443; x_wconf 86' lang='lat' dir='ltr'>non</span> <span class='ocrx_word' id='word_1_215' title='bbox 947 427 971 452; x_wconf 90' lang='lat' dir='ltr'>pu·</span> 
     </span>
     <span class='ocr_line' id='line_1_27' title="bbox 882 454 971 485; baseline 0.022 -8"><span class='ocrx_word' id='word_1_216' title='bbox 882 458 923 485; x_wconf 77' lang='lat' dir='ltr'>gua,</span> <span class='ocrx_word' id='word_1_217' title='bbox 942 454 971 479; x_wconf 91' lang='lat' dir='ltr'>sed</span> 
     </span>
     <span class='ocr_line' id='line_1_28' title="bbox 882 485 916 522; baseline 0.059 -10"><span class='ocrx_word' id='word_1_218' title='bbox 882 485 916 522; x_wconf 85' lang='lat' dir='ltr'>fuga.</span> 
     </span>
    </p>
   </div>
   <div class='ocr_carea' id='block_1_4' title="bbox 883 999 960 1026">
    <p class='ocr_par' dir='ltr' id='par_1_4' title="bbox 883 999 960 1026">
     <span class='ocr_line' id='line_1_29' title="bbox 883 999 960 1026; baseline 0 -1"><span class='ocrx_word' id='word_1_219' title='bbox 883 1008 894 1026; x_wconf 89' lang='grc'>1.</span> <span class='ocrx_word' id='word_1_220' title='bbox 904 1000 936 1025; x_wconf 85' lang='lat' dir='ltr'>Cor.</span> <span class='ocrx_word' id='word_1_221' title='bbox 946 999 960 1025; x_wconf 79' lang='lat'>6.-</span> 
     </span>
    </p>
   </div>
   <div class='ocr_carea' id='block_1_5' title="bbox 882 1243 970 1373">
    <p class='ocr_par' dir='ltr' id='par_1_5' title="bbox 882 1243 970 1373">
     <span class='ocr_line' id='line_1_30' title="bbox 890 1243 970 1268; baseline -0.013 0"><span class='ocrx_word' id='word_1_222' title='bbox 890 1243 940 1268; x_wconf 84' lang='lat' dir='ltr'>Amans</span> <span class='ocrx_word' id='word_1_223' title='bbox 951 1250 970 1267; x_wconf 90' lang='lat' dir='ltr'>ca-</span> 
     </span>
     <span class='ocr_line' id='line_1_31' title="bbox 882 1276 970 1308; baseline -0.023 -5"><span class='ocrx_word' id='word_1_224' title='bbox 882 1276 970 1308; x_wconf 74' lang='lat' dir='ltr'>stitateur,</span> 
     </span>
     <span class='ocr_line' id='line_1_32' title="bbox 882 1311 970 1337; baseline 0 0"><span class='ocrx_word' id='word_1_225' title='bbox 882 1320 911 1337; x_wconf 82' lang='lat' dir='ltr'>urna</span> <span class='ocrx_word' id='word_1_226' title='bbox 925 1318 938 1337; x_wconf 88' lang='lat' dir='ltr'>et</span> <span class='ocrx_word' id='word_1_227' title='bbox 952 1311 970 1337; x_wconf 84' lang='lat' dir='ltr'>ie·</span> 
     </span>
     <span class='ocr_line' id='line_1_33' title="bbox 882 1347 936 1373; baseline 0.019 -1"><span class='ocrx_word' id='word_1_228' title='bbox 882 1347 936 1373; x_wconf 87' lang='lat' dir='ltr'>iunium.</span> 
     </span>
    </p>
   </div>
   <div class='ocr_carea' id='block_1_6' title="bbox 124 1584 891 1635">
    <p class='ocr_par' dir='ltr' id='par_1_6' title="bbox 124 1584 891 1635">
     <span class='ocr_line' id='line_1_34' title="bbox 124 1584 891 1635; baseline -0.001 -13"><span class='ocrx_word' id='word_1_229' title='bbox 124 1586 166 1635; x_wconf 84' lang='lat' dir='ltr'>quid</span> <span class='ocrx_word' id='word_1_230' title='bbox 179 1585 253 1634; x_wconf 87' lang='lat' dir='ltr'>prodest</span> <span class='ocrx_word' id='word_1_231' title='bbox 266 1586 354 1623; x_wconf 88' lang='lat' dir='ltr'>domicilii</span> <span class='ocrx_word' id='word_1_232' title='bbox 368 1586 446 1634; x_wconf 83' lang='lat' dir='ltr'>puritas&gt;</span> <span class='ocrx_word' id='word_1_233' title='bbox 460 1586 474 1622; x_wconf 93' lang='lat' dir='ltr'>si</span> <span class='ocrx_word' id='word_1_234' title='bbox 488 1585 577 1623; x_wconf 85' lang='lat' dir='ltr'>habitator</span> <span class='ocrx_word' id='word_1_235' title='bbox 590 1586 613 1621; x_wconf 91' lang='lat' dir='ltr'>sit</span> <span class='ocrx_word' id='word_1_236' title='bbox 626 1584 698 1632; x_wconf 90' lang='lat' dir='ltr'>foedus,</span> <span class='ocrx_word' id='word_1_237' title='bbox 712 1594 729 1622; x_wconf 92' lang='lat' dir='ltr'>et</span> <span class='ocrx_word' id='word_1_238' title='bbox 746 1584 861 1622; x_wconf 85' lang='lat' dir='ltr'>iuunundus?</span> <span class='ocrx_word' id='word_1_239' title='bbox 889 1616 891 1618; x_wconf 97' lang='lat'>.</span> 
     </span>
    </p>
   </div>
   <div class='ocr_carea' id='block_1_7' title="bbox 122 1644 862 2761">
    <p class='ocr_par' dir='ltr' id='par_1_7' title="bbox 122 1644 862 2573">
     <span class='ocr_line' id='line_1_35' title="bbox 123 1644 860 1694; baseline 0 -13"><span class='ocrx_word' id='word_1_240' title='bbox 123 1644 190 1682; x_wconf 91' lang='lat' dir='ltr'>Habuit</span> <span class='ocrx_word' id='word_1_241' title='bbox 204 1655 220 1682; x_wconf 94' lang='lat' dir='ltr'>et</span> <span class='ocrx_word' id='word_1_242' title='bbox 234 1646 312 1694; x_wconf 89' lang='lat' dir='ltr'>virgines</span> <span class='ocrx_word' id='word_1_243' title='bbox 326 1657 366 1682; x_wconf 90' lang='lat' dir='ltr'>suas</span> <span class='ocrx_word' id='word_1_244' title='bbox 379 1645 470 1693; x_wconf 90' lang='lat' dir='ltr'>quondam</span> <span class='ocrx_word' id='word_1_245' title='bbox 484 1646 550 1685; x_wconf 85' lang='lat' dir='ltr'>Vestae</span> <span class='ocrx_word' id='word_1_246' title='bbox 563 1644 681 1682; x_wconf 86' lang='lat' dir='ltr'>sacrificantes</span> <span class='ocrx_word' id='word_1_247' title='bbox 697 1654 748 1682; x_wconf 90' lang='lat' dir='ltr'>caeca</span> <span class='ocrx_word' id='word_1_248' title='bbox 764 1644 860 1694; x_wconf 80' lang='lat' dir='ltr'>gentilitas,</span> 
     </span>
     <span class='ocr_line' id='line_1_36' title="bbox 124 1704 861 1754; baseline -0.001 -12"><span class='ocrx_word' id='word_1_249' title='bbox 124 1704 155 1742; x_wconf 87' lang='lat' dir='ltr'>sed</span> <span class='ocrx_word' id='word_1_250' title='bbox 169 1705 259 1754; x_wconf 90' lang='lat' dir='ltr'>quianon</span> <span class='ocrx_word' id='word_1_251' title='bbox 273 1705 313 1741; x_wconf 91' lang='lat' dir='ltr'>Deo</span> <span class='ocrx_word' id='word_1_252' title='bbox 326 1717 370 1741; x_wconf 91' lang='lat' dir='ltr'>vero</span> <span class='ocrx_word' id='word_1_253' title='bbox 387 1704 491 1752; x_wconf 89' lang='lat' dir='ltr'>pudicitiam</span> <span class='ocrx_word' id='word_1_254' title='bbox 506 1717 603 1753; x_wconf 89' lang='lat' dir='ltr'>corporum</span> <span class='ocrx_word' id='word_1_255' title='bbox 617 1704 743 1751; x_wconf 91' lang='lat' dir='ltr'>immolarunt,</span> <span class='ocrx_word' id='word_1_256' title='bbox 759 1717 790 1742; x_wconf 90' lang='lat' dir='ltr'>nec</span> <span class='ocrx_word' id='word_1_257' title='bbox 807 1704 861 1741; x_wconf 87' lang='lat' dir='ltr'>fidem</span> 
     </span>
     <span class='ocr_line' id='line_1_37' title="bbox 124 1762 862 1813; baseline 0.003 -14"><span class='ocrx_word' id='word_1_258' title='bbox 124 1772 190 1800; x_wconf 89' lang='lat' dir='ltr'>rectam</span> <span class='ocrx_word' id='word_1_259' title='bbox 203 1771 263 1799; x_wconf 92' lang='lat' dir='ltr'>mente</span> <span class='ocrx_word' id='word_1_260' title='bbox 276 1771 378 1808; x_wconf 89' lang='lat' dir='ltr'>tenuerunt,</span> <span class='ocrx_word' id='word_1_261' title='bbox 391 1776 432 1799; x_wconf 90' lang='lat' dir='ltr'>cum</span> <span class='ocrx_word' id='word_1_262' title='bbox 446 1764 482 1799; x_wconf 90' lang='lat' dir='ltr'>suis</span> <span class='ocrx_word' id='word_1_263' title='bbox 496 1762 619 1809; x_wconf 90' lang='lat' dir='ltr'>daemonibus,</span> <span class='ocrx_word' id='word_1_264' title='bbox 628 1777 672 1813; x_wconf 93' lang='lat' dir='ltr'>quos</span> <span class='ocrx_word' id='word_1_265' title='bbox 686 1763 785 1810; x_wconf 89' lang='lat' dir='ltr'>coluerunt,</span> <span class='ocrx_word' id='word_1_266' title='bbox 794 1765 812 1801; x_wconf 93' lang='lat' dir='ltr'>in</span> <span class='ocrx_word' id='word_1_267' title='bbox 821 1777 862 1812; x_wconf 88' lang='lat' dir='ltr'>pro-</span> 
     </span>
     <span class='ocr_line' id='line_1_38' title="bbox 125 1821 862 1871; baseline 0 -12"><span class='ocrx_word' id='word_1_268' title='bbox 125 1822 200 1859; x_wconf 90' lang='lat' dir='ltr'>fundum</span> <span class='ocrx_word' id='word_1_269' title='bbox 214 1821 279 1858; x_wconf 89' lang='lat' dir='ltr'>inferni</span> <span class='ocrx_word' id='word_1_270' title='bbox 292 1821 429 1859; x_wconf 79' lang='lat' dir='ltr'>descenderunt.</span> <span class='ocrx_word' id='word_1_271' title='bbox 443 1821 508 1858; x_wconf 86' lang='lat' dir='ltr'>Castus</span> <span class='ocrx_word' id='word_1_272' title='bbox 521 1834 547 1859; x_wconf 91' lang='lat' dir='ltr'>est</span> <span class='ocrx_word' id='word_1_273' title='bbox 561 1822 616 1867; x_wconf 90' lang='lat' dir='ltr'>enim,</span> <span class='ocrx_word' id='word_1_274' title='bbox 631 1823 660 1871; x_wconf 90' lang='lat' dir='ltr'>qui</span> <span class='ocrx_word' id='word_1_275' title='bbox 674 1835 735 1859; x_wconf 85' lang='lat' dir='ltr'>amore</span> <span class='ocrx_word' id='word_1_276' title='bbox 748 1823 831 1860; x_wconf 91' lang='lat' dir='ltr'>creatoris</span> <span class='ocrx_word' id='word_1_277' title='bbox 845 1832 862 1859; x_wconf 93' lang='lat' dir='ltr'>et</span> 
     </span>
     <span class='ocr_line' id='line_1_39' title="bbox 125 1880 861 1932; baseline 0.003 -14"><span class='ocrx_word' id='word_1_278' title='bbox 125 1894 195 1919; x_wconf 83' lang='lat' dir='ltr'>camena</span> <span class='ocrx_word' id='word_1_279' title='bbox 209 1880 229 1918; x_wconf 87' lang='lat' dir='ltr'>ab</span> <span class='ocrx_word' id='word_1_280' title='bbox 244 1882 293 1919; x_wconf 92' lang='lat' dir='ltr'>omni</span> <span class='ocrx_word' id='word_1_281' title='bbox 307 1881 378 1919; x_wconf 87' lang='lat' dir='ltr'>colaibet</span> <span class='ocrx_word' id='word_1_282' title='bbox 387 1880 462 1925; x_wconf 89' lang='lat' dir='ltr'>luxuria,</span> <span class='ocrx_word' id='word_1_283' title='bbox 473 1892 490 1918; x_wconf 91' lang='lat' dir='ltr'>et</span> <span class='ocrx_word' id='word_1_284' title='bbox 503 1891 583 1919; x_wconf 90' lang='lat' dir='ltr'>mentem</span> <span class='ocrx_word' id='word_1_285' title='bbox 597 1882 662 1918; x_wconf 90' lang='lat' dir='ltr'>sanctis</span> <span class='ocrx_word' id='word_1_286' title='bbox 672 1882 767 1919; x_wconf 86' lang='lat' dir='ltr'>virtutibus</span> <span class='ocrx_word' id='word_1_287' title='bbox 780 1884 813 1932; x_wconf 89' lang='lat' dir='ltr'>ipsi</span> <span class='ocrx_word' id='word_1_288' title='bbox 822 1884 861 1920; x_wconf 89' lang='lat' dir='ltr'>Deo</span> 
     </span>
     <span class='ocr_line' id='line_1_40' title="bbox 124 1940 860 1980; baseline 0.001 -2"><span class='ocrx_word' id='word_1_289' title='bbox 124 1941 206 1978; x_wconf 87' lang='lat' dir='ltr'>immolat</span> <span class='ocrx_word' id='word_1_290' title='bbox 223 1940 336 1978; x_wconf 88' lang='lat' dir='ltr'>omnifariam</span> <span class='ocrx_word' id='word_1_291' title='bbox 353 1941 463 1978; x_wconf 89' lang='lat' dir='ltr'>decoratum.</span> <span class='ocrx_word' id='word_1_292' title='bbox 477 1941 531 1978; x_wconf 90' lang='lat' dir='ltr'>Extra</span> <span class='ocrx_word' id='word_1_293' title='bbox 547 1941 601 1978; x_wconf 85' lang='lat' dir='ltr'>fidem</span> <span class='ocrx_word' id='word_1_294' title='bbox 619 1941 657 1978; x_wconf 84' lang='lat' dir='ltr'>Iesu</span> <span class='ocrx_word' id='word_1_295' title='bbox 672 1941 738 1979; x_wconf 84' lang='lat' dir='ltr'>Christi</span> <span class='ocrx_word' id='word_1_296' title='bbox 756 1943 809 1980; x_wconf 90' lang='lat' dir='ltr'>bodie</span> <span class='ocrx_word' id='word_1_297' title='bbox 825 1955 860 1980; x_wconf 91' lang='lat' dir='ltr'>non</span> 
     </span>
     <span class='ocr_line' id='line_1_41' title="bbox 125 2000 861 2050; baseline 0.001 -13"><span class='ocrx_word' id='word_1_298' title='bbox 125 2009 151 2037; x_wconf 89' lang='lat' dir='ltr'>est</span> <span class='ocrx_word' id='word_1_299' title='bbox 164 2001 233 2037; x_wconf 89' lang='lat' dir='ltr'>castitas</span> <span class='ocrx_word' id='word_1_300' title='bbox 247 2013 293 2047; x_wconf 90' lang='lat' dir='ltr'>vera,</span> <span class='ocrx_word' id='word_1_301' title='bbox 307 2014 365 2050; x_wconf 88' lang='lat' dir='ltr'>neque</span> <span class='ocrx_word' id='word_1_302' title='bbox 379 2000 403 2036; x_wconf 90' lang='lat' dir='ltr'>ad.</span> <span class='ocrx_word' id='word_1_303' title='bbox 413 2000 489 2037; x_wconf 91' lang='lat' dir='ltr'>salutem</span> <span class='ocrx_word' id='word_1_304' title='bbox 503 2011 592 2038; x_wconf 89' lang='lat' dir='ltr'>aeternam</span> <span class='ocrx_word' id='word_1_305' title='bbox 607 2002 703 2039; x_wconf 88' lang='lat' dir='ltr'>meritoria.</span> <span class='ocrx_word' id='word_1_306' title='bbox 718 2002 762 2039; x_wconf 88' lang='lat' dir='ltr'>Vive</span> <span class='ocrx_word' id='word_1_307' title='bbox 779 2011 837 2040; x_wconf 89' lang='lat' dir='ltr'>castus</span> <span class='ocrx_word' id='word_1_308' title='bbox 851 2016 861 2039; x_wconf 95' lang='lat' dir='ltr'>o</span> 
     </span>
     <span class='ocr_line' id='line_1_42' title="bbox 124 2060 861 2110; baseline 0.004 -14"><span class='ocrx_word' id='word_1_309' title='bbox 124 2060 218 2105; x_wconf 88' lang='lat' dir='ltr'>monache,</span> <span class='ocrx_word' id='word_1_310' title='bbox 233 2072 338 2097; x_wconf 88' lang='lat' dir='ltr'>conversare</span> <span class='ocrx_word' id='word_1_311' title='bbox 352 2072 414 2108; x_wconf 90' lang='lat' dir='ltr'>purus,</span> <span class='ocrx_word' id='word_1_312' title='bbox 429 2070 446 2096; x_wconf 89' lang='lat' dir='ltr'>et</span> <span class='ocrx_word' id='word_1_313' title='bbox 460 2069 539 2106; x_wconf 86' lang='lat' dir='ltr'>sanctus,</span> <span class='ocrx_word' id='word_1_314' title='bbox 554 2070 571 2097; x_wconf 87' lang='lat' dir='ltr'>et</span> <span class='ocrx_word' id='word_1_315' title='bbox 584 2060 662 2109; x_wconf 89' lang='lat' dir='ltr'>quandiu</span> <span class='ocrx_word' id='word_1_316' title='bbox 680 2071 740 2098; x_wconf 89' lang='lat' dir='ltr'>manet</span> <span class='ocrx_word' id='word_1_317' title='bbox 754 2063 770 2098; x_wconf 93' lang='lat' dir='ltr'>in</span> <span class='ocrx_word' id='word_1_318' title='bbox 785 2074 861 2110; x_wconf 92' lang='lat' dir='ltr'>corpore</span> 
     </span>
     <span class='ocr_line' id='line_1_43' title="bbox 124 2118 861 2168; baseline 0.003 -13"><span class='ocrx_word' id='word_1_319' title='bbox 124 2119 203 2167; x_wconf 89' lang='lat' dir='ltr'>spiritus,</span> <span class='ocrx_word' id='word_1_320' title='bbox 218 2118 239 2155; x_wconf 90' lang='lat' dir='ltr'>de</span> <span class='ocrx_word' id='word_1_321' title='bbox 252 2118 289 2156; x_wconf 92' lang='lat' dir='ltr'>luto</span> <span class='ocrx_word' id='word_1_322' title='bbox 303 2132 339 2157; x_wconf 90' lang='lat' dir='ltr'>non</span> <span class='ocrx_word' id='word_1_323' title='bbox 357 2132 459 2168; x_wconf 90' lang='lat' dir='ltr'>praesumas</span> <span class='ocrx_word' id='word_1_324' title='bbox 478 2119 603 2156; x_wconf 88' lang='lat' dir='ltr'>confidentiam</span> <span class='ocrx_word' id='word_1_325' title='bbox 622 2119 685 2157; x_wconf 89' lang='lat' dir='ltr'>babere</span> <span class='ocrx_word' id='word_1_326' title='bbox 701 2122 792 2158; x_wconf 86' lang='lat' dir='ltr'>castitatis.</span> <span class='ocrx_word' id='word_1_327' title='bbox 806 2121 861 2157; x_wconf 86' lang='lat' dir='ltr'>Cibus</span> 
     </span>
     <span class='ocr_line' id='line_1_44' title="bbox 124 2177 860 2224; baseline 0.004 -10"><span class='ocrx_word' id='word_1_328' title='bbox 124 2178 209 2215; x_wconf 83' lang='lat' dir='ltr'>castitatis</span> <span class='ocrx_word' id='word_1_329' title='bbox 223 2188 248 2214; x_wconf 86' lang='lat' dir='ltr'>est</span> <span class='ocrx_word' id='word_1_330' title='bbox 262 2177 354 2221; x_wconf 82' lang='lat' dir='ltr'>ieiunium,</span> <span class='ocrx_word' id='word_1_331' title='bbox 368 2186 386 2213; x_wconf 86' lang='lat' dir='ltr'>et</span> <span class='ocrx_word' id='word_1_332' title='bbox 399 2177 511 2224; x_wconf 80' lang='lat' dir='ltr'>abstinentia,</span> <span class='ocrx_word' id='word_1_333' title='bbox 526 2190 543 2216; x_wconf 89' lang='lat' dir='ltr'>et</span> <span class='ocrx_word' id='word_1_334' title='bbox 556 2180 574 2215; x_wconf 92' lang='lat' dir='ltr'>in</span> <span class='ocrx_word' id='word_1_335' title='bbox 587 2180 637 2216; x_wconf 90' lang='lat' dir='ltr'>oumi</span> <span class='ocrx_word' id='word_1_336' title='bbox 651 2181 719 2217; x_wconf 91' lang='lat' dir='ltr'>actione</span> <span class='ocrx_word' id='word_1_337' title='bbox 733 2179 806 2217; x_wconf 90' lang='lat' dir='ltr'>salubris</span> <span class='ocrx_word' id='word_1_338' title='bbox 818 2193 860 2217; x_wconf 89' lang='lat' dir='ltr'>cou-</span> 
     </span>
     <span class='ocr_line' id='line_1_45' title="bbox 124 2237 860 2285; baseline 0.004 -11"><span class='ocrx_word' id='word_1_339' title='bbox 124 2239 207 2275; x_wconf 89' lang='lat' dir='ltr'>tinentiae</span> <span class='ocrx_word' id='word_1_340' title='bbox 221 2237 360 2275; x_wconf 88' lang='lat' dir='ltr'>firmamentum.</span> <span class='ocrx_word' id='word_1_341' title='bbox 374 2237 408 2274; x_wconf 88' lang='lat' dir='ltr'>Sed</span> <span class='ocrx_word' id='word_1_342' title='bbox 422 2251 461 2274; x_wconf 89' lang='lat' dir='ltr'>curu</span> <span class='ocrx_word' id='word_1_343' title='bbox 476 2240 536 2275; x_wconf 90' lang='lat' dir='ltr'>omnia</span> <span class='ocrx_word' id='word_1_344' title='bbox 546 2237 600 2275; x_wconf 85' lang='lat' dir='ltr'>fueris</span> <span class='ocrx_word' id='word_1_345' title='bbox 609 2249 705 2285; x_wconf 85' lang='lat' dir='ltr'>assecutus,</span> <span class='ocrx_word' id='word_1_346' title='bbox 715 2240 752 2276; x_wconf 91' lang='lat' dir='ltr'>noli</span> <span class='ocrx_word' id='word_1_347' title='bbox 766 2239 860 2284; x_wconf 87' lang='lat' dir='ltr'>confidere,</span> 
     </span>
     <span class='ocr_line' id='line_1_46' title="bbox 124 2296 861 2346; baseline 0.004 -14"><span class='ocrx_word' id='word_1_348' title='bbox 124 2297 164 2346; x_wconf 87' lang='lat' dir='ltr'>quia</span> <span class='ocrx_word' id='word_1_349' title='bbox 182 2296 202 2333; x_wconf 89' lang='lat' dir='ltr'>de</span> <span class='ocrx_word' id='word_1_350' title='bbox 221 2297 272 2333; x_wconf 91' lang='lat' dir='ltr'>coelo</span> <span class='ocrx_word' id='word_1_351' title='bbox 289 2297 348 2345; x_wconf 89' lang='lat' dir='ltr'>lapsus</span> <span class='ocrx_word' id='word_1_352' title='bbox 364 2306 399 2339; x_wconf 87' lang='lat' dir='ltr'>est,</span> <span class='ocrx_word' id='word_1_353' title='bbox 414 2309 467 2345; x_wconf 90' lang='lat' dir='ltr'>quem</span> <span class='ocrx_word' id='word_1_354' title='bbox 484 2298 551 2333; x_wconf 87' lang='lat' dir='ltr'>scimus</span> <span class='ocrx_word' id='word_1_355' title='bbox 569 2296 613 2333; x_wconf 88' lang='lat' dir='ltr'>nihil</span> <span class='ocrx_word' id='word_1_356' title='bbox 627 2297 748 2335; x_wconf 81' lang='lat' dir='ltr'>aararaducasse.</span> <span class='ocrx_word' id='word_1_357' title='bbox 763 2299 861 2335; x_wconf 88' lang='lat' dir='ltr'>Maceratio</span> 
     </span>
     <span class='ocr_line' id='line_1_47' title="bbox 125 2355 859 2405; baseline 0.005 -14"><span class='ocrx_word' id='word_1_358' title='bbox 125 2356 205 2404; x_wconf 91' lang='lat' dir='ltr'>corporis</span> <span class='ocrx_word' id='word_1_359' title='bbox 219 2355 240 2392; x_wconf 84' lang='lat' dir='ltr'>arl</span> <span class='ocrx_word' id='word_1_360' title='bbox 254 2356 392 2393; x_wconf 87' lang='lat' dir='ltr'>conservandam</span> <span class='ocrx_word' id='word_1_361' title='bbox 403 2355 552 2405; x_wconf 88' lang='lat' dir='ltr'>pulchritudinem</span> <span class='ocrx_word' id='word_1_362' title='bbox 566 2357 650 2393; x_wconf 91' lang='lat' dir='ltr'>castitatis</span> <span class='ocrx_word' id='word_1_363' title='bbox 660 2358 757 2394; x_wconf 89' lang='lat' dir='ltr'>necessaria</span> <span class='ocrx_word' id='word_1_364' title='bbox 767 2368 793 2395; x_wconf 93' lang='lat' dir='ltr'>est</span> <span class='ocrx_word' id='word_1_365' title='bbox 802 2358 859 2404; x_wconf 88' lang='lat' dir='ltr'>valde,</span> 
     </span>
     <span class='ocr_line' id='line_1_48' title="bbox 124 2414 861 2466; baseline 0.004 -15"><span class='ocrx_word' id='word_1_366' title='bbox 124 2424 142 2451; x_wconf 92' lang='lat' dir='ltr'>et</span> <span class='ocrx_word' id='word_1_367' title='bbox 159 2414 219 2461; x_wconf 82' lang='lat' dir='ltr'>utilis;</span> <span class='ocrx_word' id='word_1_368' title='bbox 233 2415 264 2452; x_wconf 89' lang='lat' dir='ltr'>sed</span> <span class='ocrx_word' id='word_1_369' title='bbox 282 2426 447 2464; x_wconf 88' lang='lat' dir='ltr'>quantumcumque</span> <span class='ocrx_word' id='word_1_370' title='bbox 460 2415 478 2451; x_wconf 95' lang='lat' dir='ltr'>in</span> <span class='ocrx_word' id='word_1_371' title='bbox 492 2425 566 2465; x_wconf 86' lang='lat' dir='ltr'>utraque</span> <span class='ocrx_word' id='word_1_372' title='bbox 583 2416 688 2463; x_wconf 83' lang='lat' dir='ltr'>profeceris,</span> <span class='ocrx_word' id='word_1_373' title='bbox 702 2416 739 2454; x_wconf 90' lang='lat' dir='ltr'>noli</span> <span class='ocrx_word' id='word_1_374' title='bbox 757 2417 861 2466; x_wconf 84' lang='lat' dir='ltr'>tibimetipsi</span> 
     </span>
     <span class='ocr_line' id='line_1_49' title="bbox 124 2473 860 2523; baseline 0.003 -12"><span class='ocrx_word' id='word_1_375' title='bbox 124 2473 223 2518; x_wconf 65' lang='lat' dir='ltr'>confidere,</span> <span class='ocrx_word' id='word_1_376' title='bbox 232 2475 263 2512; x_wconf 92' lang='lat' dir='ltr'>sed</span> <span class='ocrx_word' id='word_1_377' title='bbox 276 2475 352 2523; x_wconf 87' lang='lat' dir='ltr'>vigilans</span> <span class='ocrx_word' id='word_1_378' title='bbox 368 2480 448 2522; x_wconf 83' lang='lat' dir='ltr'>semper,</span> <span class='ocrx_word' id='word_1_379' title='bbox 463 2483 480 2510; x_wconf 91' lang='lat' dir='ltr'>et</span> <span class='ocrx_word' id='word_1_380' title='bbox 494 2487 566 2523; x_wconf 89' lang='lat' dir='ltr'>sperans</span> <span class='ocrx_word' id='word_1_381' title='bbox 584 2475 601 2511; x_wconf 92' lang='lat' dir='ltr'>in</span> <span class='ocrx_word' id='word_1_382' title='bbox 616 2475 701 2511; x_wconf 89' lang='lat' dir='ltr'>auxilium</span> <span class='ocrx_word' id='word_1_383' title='bbox 717 2476 791 2513; x_wconf 89' lang='lat' dir='ltr'>Domini</span> <span class='ocrx_word' id='word_1_384' title='bbox 809 2476 860 2513; x_wconf 91' lang='lat' dir='ltr'>time.</span> 
     </span>
     <span class='ocr_line' id='line_1_50' title="bbox 122 2534 861 2581; baseline 0.001 -9"><span class='ocrx_word' id='word_1_385' title='bbox 122 2534 162 2572; x_wconf 84' lang='lat' dir='ltr'>Nisi</span> <span class='ocrx_word' id='word_1_386' title='bbox 175 2535 221 2570; x_wconf 91' lang='lat' dir='ltr'>enim</span> <span class='ocrx_word' id='word_1_387' title='bbox 236 2536 319 2571; x_wconf 90' lang='lat' dir='ltr'>continue</span> <span class='ocrx_word' id='word_1_388' title='bbox 333 2546 349 2571; x_wconf 88' lang='lat' dir='ltr'>et</span> <span class='ocrx_word' id='word_1_389' title='bbox 363 2534 491 2570; x_wconf 88' lang='lat' dir='ltr'>instantissime</span> <span class='ocrx_word' id='word_1_390' title='bbox 504 2536 583 2571; x_wconf 75' lang='lat' dir='ltr'>reniteris</span> <span class='ocrx_word' id='word_1_391' title='bbox 596 2545 613 2570; x_wconf 89' lang='lat' dir='ltr'>te</span> <span class='ocrx_word' id='word_1_392' title='bbox 627 2536 644 2571; x_wconf 88' lang='lat' dir='ltr'>iu</span> <span class='ocrx_word' id='word_1_393' title='bbox 657 2535 722 2571; x_wconf 85' lang='lat' dir='ltr'>timore</span> <span class='ocrx_word' id='word_1_394' title='bbox 735 2536 848 2581; x_wconf 88' lang='lat' dir='ltr'>Domini,t</span> <span class='ocrx_word' id='word_1_395' title='bbox 825 2537 861 2573; x_wconf 90' lang='lat' dir='ltr'>cito</span> 
     </span>
    </p>

    <p class='ocr_par' dir='ltr' id='par_1_8' title="bbox 123 2591 860 2751">
     <span class='ocr_line' id='line_1_51' title="bbox 124 2591 860 2644; baseline 0.004 -15"><span class='ocrx_word' id='word_1_396' title='bbox 124 2591 235 2630; x_wconf 83' lang='lat' dir='ltr'>subvertetur</span> <span class='ocrx_word' id='word_1_397' title='bbox 249 2593 313 2630; x_wconf 90' lang='lat' dir='ltr'>domus</span> <span class='ocrx_word' id='word_1_398' title='bbox 328 2593 445 2631; x_wconf 88' lang='lat' dir='ltr'>conscientiae</span> <span class='ocrx_word' id='word_1_399' title='bbox 459 2604 505 2631; x_wconf 88' lang='lat' dir='ltr'>tuae.</span> <span class='ocrx_word' id='word_1_400' title='bbox 519 2594 539 2631; x_wconf 88' lang='lat' dir='ltr'>ln</span> <span class='ocrx_word' id='word_1_401' title='bbox 553 2607 618 2631; x_wconf 88' lang='lat' dir='ltr'>vanum</span> <span class='ocrx_word' id='word_1_402' title='bbox 632 2595 686 2630; x_wconf 89' lang='lat' dir='ltr'>currit</span> <span class='ocrx_word' id='word_1_403' title='bbox 693 2595 742 2644; x_wconf 89' lang='lat' dir='ltr'>,qui</span> <span class='ocrx_word' id='word_1_404' title='bbox 760 2597 860 2632; x_wconf 84' lang='lat' dir='ltr'>castitatem</span> 
     </span>
     <span class='ocr_line' id='line_1_52' title="bbox 124 2651 860 2701; baseline 0.004 -13"><span class='ocrx_word' id='word_1_405' title='bbox 124 2652 160 2688; x_wconf 90' lang='lat' dir='ltr'>suis</span> <span class='ocrx_word' id='word_1_406' title='bbox 146 2651 239 2688; x_wconf 79' lang='lat' dir='ltr'>rvuribus</span> <span class='ocrx_word' id='word_1_407' title='bbox 254 2653 343 2690; x_wconf 88' lang='lat' dir='ltr'>custodire</span> <span class='ocrx_word' id='word_1_408' title='bbox 356 2653 459 2701; x_wconf 81' lang='lat' dir='ltr'>praesumit</span> <span class='ocrx_word' id='word_1_409' title='bbox 472 2653 512 2690; x_wconf 89' lang='lat' dir='ltr'>Nisi</span> <span class='ocrx_word' id='word_1_410' title='bbox 531 2654 578 2690; x_wconf 87' lang='lat' dir='ltr'>enim</span> <span class='ocrx_word' id='word_1_411' title='bbox 591 2654 680 2690; x_wconf 91' lang='lat' dir='ltr'>Dominus</span> <span class='ocrx_word' id='word_1_412' title='bbox 698 2653 816 2692; x_wconf 72' lang='lat' dir='ltr'>aedificaverit</span> <span class='ocrx_word' id='word_1_413' title='bbox 833 2668 860 2691; x_wconf 92' lang='lat' dir='ltr'>ca-</span> 
     </span>
     <span class='ocr_line' id='line_1_53' title="bbox 123 2710 859 2761; baseline 0.004 -13"><span class='ocrx_word' id='word_1_414' title='bbox 123 2712 153 2748; x_wconf 76' lang='grc'><strong>1111</strong></span> <span class='ocrx_word' id='word_1_415' title='bbox 155 2712 187 2748; x_wconf 84' lang='lat' dir='ltr'>rtis</span> <span class='ocrx_word' id='word_1_416' title='bbox 201 2711 322 2755; x_wconf 64' lang='lat' dir='ltr'>domicilium</span> <span class='ocrx_word' id='word_1_417' title='bbox 337 2711 402 2748; x_wconf 90' lang='lat' dir='ltr'>frustra</span> <span class='ocrx_word' id='word_1_418' title='bbox 416 2710 493 2758; x_wconf 91' lang='lat' dir='ltr'>laborat,</span> <span class='ocrx_word' id='word_1_419' title='bbox 507 2714 536 2761; x_wconf 95' lang='lat' dir='ltr'>qui</span> <span class='ocrx_word' id='word_1_420' title='bbox 550 2712 665 2749; x_wconf 88' lang='lat' dir='ltr'>abstinentiae</span> <span class='ocrx_word' id='word_1_421' title='bbox 679 2715 766 2751; x_wconf 86' lang='lat' dir='ltr'>construit</span> <span class='ocrx_word' id='word_1_422' title='bbox 783 2727 859 2751; x_wconf 89' lang='lat' dir='ltr'>murum.</span> 
     </span>
    </p>
   </div>
   <div class='ocr_carea' id='block_1_8' title="bbox 882 2670 961 2705">
    <p class='ocr_par' dir='ltr' id='par_1_9' title="bbox 882 2670 961 2705">
     <span class='ocr_line' id='line_1_54' title="bbox 882 2670 961 2705; baseline 0 -9"><span class='ocrx_word' id='word_1_423' title='bbox 882 2670 907 2696; x_wconf 84' lang='lat' dir='ltr'>Ecc</span> <span class='ocrx_word' id='word_1_424' title='bbox 909 2670 932 2697; x_wconf 85' lang='lat' dir='ltr'>les.</span> <span class='ocrx_word' id='word_1_425' title='bbox 942 2679 961 2705; x_wconf 82' lang='grc' dir='ltr'>η.</span> 
     </span>
    </p>
   </div>
   <div class='ocr_carea' id='block_1_9' title="bbox 0 0 988 3023">
    <p class='ocr_par' dir='ltr' id='par_1_10' title="bbox 0 0 988 3023">
     <span class='ocr_line' id='line_1_55' title="bbox 0 0 988 3023; baseline 0 0"><span class='ocrx_word' id='word_1_426' title='bbox 0 0 988 3023; x_wconf 95' lang='lat' dir='ltr'> </span> 
     </span>
    </p>
   </div>
  </div>
 </body>
</html>
