1968 3023
79 767 148 792 Paeniten-

61 800 86 825 tiae
100 809 147 827 verae

61 841 116 868 quatuor
126 845 148 862 ne·

61 870 119 896 cessaria.

78 1002 111 1029 Psal.
122 1012 141 1037 50.

79 1060 112 1086 Psal.
120 1068 148 1094 ης.

83 1183 148 1210 Contritiu

61 1218 148 1253 qnid,crquac

61 1261 127 1287 germana.

69 2384 144 2424 [nstitutum

58 2424 115 2444 tecnons
125 2427 144 2444 vr·

58 2460 82 2479 tae.

75 2667 114 2691 Rom.
124 2673 144 2692 ro.

168 141 191 186 98
375 139 402 175 Dt
413 150 454 175 veru
464 138 565 188 presidentia
577 137 699 174 attenuatam.

168 221 253 258 exercitia
270 233 362 270 nunquam
380 220 400 258 ab
418 222 455 258 eius
472 221 559 257 memoria
576 219 664 257 recedant.
682 219 751 257 Crebro
769 221 792 257 sit
809 220 827 256 in
845 228 905 257 mente

168 280 247 317 hominis
257 279 356 318 claustralis
363 280 469 318 Dominicae
476 280 563 317 Passionis
573 279 694 316 amarissimae
701 279 809 326 recordatio,
817 287 834 316 et
842 292 904 316 omnes

168 352 236 388 preces,
250 353 293 389 quas
307 339 348 378 facit
361 340 383 378 ad
396 350 472 389 patrem,
483 340 500 375 in
509 339 574 375 virtute
588 339 683 387 sauguinis,
694 348 712 376 et
721 338 815 376 vulnerum
829 338 904 375 Domini

168 401 226 436 nostri
239 401 279 437 Iesu
293 399 360 438 Christi
374 394 491 449 porrigamus.
505 398 578 447 Semper
591 399 609 435 in
622 411 653 435 ore
666 399 701 435 sint
717 397 770 435 verba
788 409 905 447 compunctae

168 460 234 496 mentis
251 459 338 496 indicium
357 458 525 508 praeseferentia,
539 467 556 494 et
569 457 597 494 vel
610 459 668 495 oratio
685 458 788 507 porrigatur
802 457 824 495 ad
837 459 903 504 Deum,

167 518 196 555 vel
209 531 315 556 sermonum
329 519 366 555 eius
380 517 471 555 meditatio
485 516 590 554 revolvatur.
602 516 684 554 Declinet
696 531 706 553 a
719 517 767 554 malo
781 516 857 554 devotus
866 517 905 554 Mo-

168 578 245 624 nachus,
259 587 277 614 et
294 577 347 614 faciat
364 576 441 622 bonurn,
455 575 504 625 quod
519 586 587 624 potest,
603 589 642 613 cuna
660 575 749 614 hilaritate
765 586 781 613 et
797 576 904 614 discretione

168 637 242 686 spiritus
255 638 295 683 Dei,
309 638 399 685 quoniam,
408 637 455 674 sicut
467 646 494 674 est
507 636 612 681 dictun1‚ad
625 637 752 685 poenitentium
767 636 855 686 agendam
868 649 905 673 non

169 695 234 733 sufficit
248 709 307 733 mores
321 707 432 734 commutare
441 698 459 733 in
468 695 537 740 melius,
547 705 564 732 et
574 709 583 733 a
593 695 691 733 malefactis
706 696 794 742 recedere,
807 697 841 734 nisi
851 696 904 733 etiam

169 755 220 793 honis
234 755 317 804 operibus
331 756 457 793 conscientiam
476 768 526 792 suam
544 754 613 792 studeat
626 768 717 792 exornare.
731 755 759 793 Ad
772 768 834 792 veram
849 756 904 805 igitur

169 817 297 865 poenitentiam
312 826 398 865 quatuor,
412 827 431 852 ut
445 817 493 853 scitis
506 815 569 853 fratres
585 817 630 861 mei,
645 816 766 866 requiruntur.
779 815 860 852 Primum
879 826 904 852 est

169 876 253 912 contritio
267 888 308 912 vera
321 888 355 924 pro
368 876 449 925 peccatis,
464 889 507 925 quae
517 885 542 912 est
552 875 603 913 dolor
617 875 675 912 cordis
690 875 788 912 voluntarie
801 886 904 924 assumptus

169 937 186 972 in
201 948 263 972 eorum
280 935 416 972 detestationem
434 935 533 981 malorum,
547 947 591 984 quae
610 935 706 971 commisit.
723 935 750 971 De
764 947 799 983 qua
816 935 904 984 scripturn

168 993 220 1031 dicit:
234 994 271 1031 Cor
285 995 394 1041 eontritum,
409 1005 426 1031 et
443 994 556 1031 humiliatum
569 995 619 1031 Deus
632 1007 667 1031 non
683 993 776 1042 despicies.
790 994 811 1030 Et
828 995 903 1032 iterum:

168 1054 205 1097 Qui
219 1055 308 1091 seminant
321 1056 340 1091 in
352 1054 456 1102 lachrymis,
465 1055 483 1091 in
493 1054 599 1091 exultatione
613 1064 686 1091 metent.
701 1053 767 1091 Comes
780 1054 829 1091 enim
842 1054 904 1103 poeni-

168 1114 235 1150 tentiae
249 1113 301 1151 dolor
310 1122 337 1150 est
346 1114 466 1158 contritionis,
476 1114 507 1163 qui
516 1122 582 1162 quanto
594 1114 650 1151 maior
663 1113 722 1157 fuerit,
731 1122 781 1151 tanto
795 1113 904 1162 poenitentia

169 1172 278 1210 fructuosior
292 1173 331 1211 erit.
345 1173 434 1210 Contritio
447 1186 516 1222 nanque
530 1186 570 1210 vera
580 1182 611 1219 est,
621 1186 674 1222 quam
684 1184 701 1210 et
710 1173 762 1211 dolor
776 1174 841 1211 mentis
854 1186 903 1211 com-

169 1232 246 1276 mendat,
257 1242 274 1269 et
283 1232 416 1280 lachrymarum
430 1232 523 1269 inundatio
537 1232 621 1269 continua
633 1240 713 1269 testatur.
727 1233 793 1281 Magna
802 1242 828 1269 est
837 1232 904 1269 utilitas

169 1290 314 1339 lachrymarum,
329 1292 370 1340 quia
387 1290 456 1327 nullum
473 1301 499 1327 est
516 1301 553 1327 tam
569 1304 623 1340 grave
640 1301 742 1339 peecatum,
757 1291 805 1340 quod
818 1291 903 1328 contritio

168 1350 266 1400 lachrymis
280 1363 316 1388 non
330 1350 387 1388 deleat
400 1352 489 1389 comitata.
503 1352 549 1388 Hinc
562 1350 636 1387 Sanctus
650 1351 718 1389 Ductor
728 1352 839 1400 Augustinus
853 1351 903 1389 dicit:

168 1411 185 1449 O
199 1411 272 1448 humilis
284 1410 376 1459 lachryme
385 1424 438 1460 quam
447 1421 511 1460 potens
521 1424 544 1454 es,
555 1421 571 1447 et
580 1412 663 1455 virtuosa,
674 1413 714 1461 quia
724 1420 776 1448 tuum
785 1423 811 1448 est
820 1424 903 1461 regnum,

167 1478 237 1506 tuaest
250 1470 336 1517 potentia.
350 1470 448 1517 Aspectum
466 1470 528 1507 iudicis
545 1483 581 1506 non
596 1471 673 1507 vereris:
688 1470 766 1507 inimicis
780 1469 903 1508 accusantibus

167 1528 258 1566 silentium
273 1529 360 1576 imponis:
374 1529 412 1567 sola
426 1531 480 1566 intras
493 1530 514 1567 ad
527 1542 595 1578 regem,
611 1530 641 1567 sed
654 1530 692 1567 sola
705 1542 741 1567 non
755 1530 832 1568 recedis:
846 1531 903 1567 vincis

167 1587 294 1634 invincibilem,
308 1598 324 1624 et
337 1587 381 1636 ligas
395 1589 542 1636 omnipotentem.
552 1588 601 1625 Idem
615 1601 685 1638 quoque
698 1590 731 1626 ait:
745 1589 819 1633 Quanto
830 1598 856 1626 est
865 1590 903 1638 qui-

166 1646 209 1684 libet
222 1648 308 1693 sanctior,
322 1656 340 1684 et
353 1646 436 1684 desiderii
453 1648 510 1683 sancti
525 1647 603 1696 plenior,
617 1657 667 1685 tanto
681 1659 717 1694 est,
731 1649 748 1685 in
762 1648 836 1694 orando,
850 1648 902 1686 fietus

166 1706 245 1744 uberior.
258 1707 307 1744 Vera
320 1707 436 1755 compunctio
450 1705 530 1744 dolorem
541 1705 598 1753 habet,
608 1707 659 1744 dolor
667 1716 727 1744 autem
736 1707 833 1755 lachrymis
842 1718 902 1746 osten-

167 1766 221 1812 ditur,
237 1776 254 1802 et
267 1766 294 1802 his
309 1766 419 1813 poenitentia
433 1766 482 1815 quasi
496 1764 600 1814 quibusdam
618 1767 727 1803 ornamentis
742 1766 841 1804 decoratur.
855 1767 903 1804 Vera

167 1827 283 1876 compunctio
300 1826 342 1863 facit
359 1827 438 1863 artintuin
456 1826 559 1864 horrescere
576 1837 676 1875 peccatum,
690 1840 735 1877 quae
753 1840 792 1864 cum
811 1828 878 1876 ceperit
893 1841 902 1864 a

166 1888 241 1932 timore,
255 1887 291 1923 suis
305 1894 356 1922 aucta
373 1886 487 1922 incrementis
501 1886 585 1934 paulatim
603 1888 694 1935 consurgit
712 1888 730 1924 in
747 1900 837 1931 amorem,
852 1888 902 1923 cuins

166 1957 231 1993 magna
245 1954 271 1981 est
285 1945 349 1990 virtus,
364 1956 381 1981 et
394 1957 436 1982 vere
450 1945 552 1982 admiranda
564 1955 648 1994 potestas,
657 1956 676 1982 ut
686 1947 713 1982 cui
728 1959 770 1982 ritox
784 1945 829 1983 cedit
842 1947 901 1983 omnis

166 2015 280 2053 peccatorum
295 2005 398 2041 enormitas.
412 2004 544 2053 Quemcunque
557 2005 604 2042 enim
613 2018 653 2042 vera
663 2005 721 2043 cordis
731 2005 846 2053 compunctio
860 2018 901 2053 sup-

166 2064 232 2112 plicare
249 2063 318 2107 fecerit,
333 2076 375 2100 mox
392 2063 439 2100 hune
456 2063 557 2101 misericors
574 2064 662 2102 Dominus
680 2063 756 2101 exaudit.
771 2064 788 2101 O
804 2063 864 2101 felices
878 2064 902 2100 la-

166 2125 256 2174 chrymae,
271 2138 282 2160 o
295 2124 378 2160 salutaris
391 2122 469 2167 afflictio
483 2133 500 2160 et
513 2136 554 2160 vere
568 2123 623 2161 dulcis
636 2125 743 2170 amaritudo,
753 2137 806 2174 quant
820 2123 900 2162 diabolus

165 2185 235 2227 metuit,
250 2197 280 2232 per
294 2195 347 2232 quarn
361 2184 420 2219 anima
436 2192 543 2230 compuncta
560 2182 581 2219 ad
596 2183 629 2220 Dei
645 2183 787 2220 misericordiam
803 2185 900 2232 consurgit.

165 2244 216 2286 Nam,
227 2254 246 2279 ut
255 2250 327 2279 sanctus
341 2241 398 2290 inquit
411 2241 457 2290 Papa
470 2241 574 2289 Gregorius,
588 2254 624 2291 quo
637 2240 707 2278 uberius
722 2240 772 2289 culpa
786 2240 865 2286 defletur,
880 2255 901 2279 eo

164 2302 217 2338 altior
231 2302 311 2350 cognitio
325 2301 405 2338 veritatis
418 2301 516 2349 attingitur,
531 2301 571 2350 quia
585 2300 606 2337 ad
619 2300 716 2337 videndum
732 2301 822 2337 internum
840 2302 901 2338 lumen

165 2361 232 2410 polluta
249 2361 318 2398 dudum
336 2360 443 2398 conscientia
460 2359 555 2408 lachrymis
573 2359 659 2409 baptizata
676 2371 778 2397 renovatur.
792 2360 901 2406 Secundum,

165 2420 213 2470 quod
226 2421 247 2457 ad
260 2420 380 2470 poenitentiae
394 2421 485 2456 veritatem
500 2421 581 2469 pertinet,
592 2431 618 2456 est
628 2419 700 2456 firmum
714 2420 845 2457 emendationis
859 2433 900 2469 pro·

165 2483 250 2529 positum,
260 2481 345 2530 quoniam
357 2481 436 2529 quisquis
446 2480 520 2517 verbum
530 2479 647 2517 confessionis
658 2482 675 2517 in
685 2471 715 2516 ore
725 2478 781 2524 habet,
792 2491 809 2517 et
818 2481 837 2517 in
847 2480 901 2517 corde

165 2553 200 2577 non
216 2540 268 2577 habet
286 2540 415 2577 emendationis
429 2540 550 2588 propositum,
565 2548 594 2576 aut
607 2539 680 2576 dolosus
694 2550 730 2585 est,
746 2548 775 2577 aut
788 2553 850 2577 vanus.
864 2539 900 2584 Qui

165 2612 207 2636 vero
222 2601 238 2635 in
253 2599 313 2644 corde,
334 2610 351 2636 et
364 2612 399 2636 nou
413 2600 430 2636 in
444 2613 483 2644 ore,
501 2610 531 2635 aut
544 2597 629 2647 superbus
644 2607 681 2644 est,
695 2609 724 2635 aut
741 2599 821 2645 timidus,
835 2610 851 2635 et
865 2612 899 2636 ne-

162 2671 250 2708 quaquam
264 2659 284 2695 ad
293 2671 353 2695 veram
367 2659 496 2709 poenitentiam
510 2657 589 2695 idoneus.
603 2658 651 2695 Dicit
665 2659 712 2695 enim
726 2659 824 2707 scriptura:
839 2657 899 2695 Corde
