1968 3023
166 117 202 156 280

164 199 277 228 iionachomm
285 199 385 237 antiquorum
393 200 440 230 ardor
447 201 487 231 circa
498 201 519 230 la-

189 248 243 278 borem
254 258 335 287 mamrum,
346 258 369 287 45.

164 300 251 329 llionaclros
263 300 300 329 olim
315 310 362 330 nemo
376 301 409 331 siue
423 301 476 331 labore
487 312 519 331 ma-

189 359 243 385 nuum,
255 358 279 385 43.

163 398 237 428 Monachi
244 399 377 436 Spanlieimenses
385 410 432 438 quam
439 401 519 438 frugaliter

187 447 271 477 victitariut
282 448 324 485 olim,
338 458 371 486 103.

164 497 238 527 Monachi
253 497 335 528 cniusdam
350 499 475 530 mansuetissima
490 510 517 538 pa·

187 547 247 584 iieutia,
261 556 293 584 123.

162 597 240 626 Monacho
251 597 312 634 ingrato
322 598 360 635 quid
374 591 488 637 exprobaturus
498 599 517 629 sit

160 669 161 673 ,
188 645 271 682 Domimrs,
284 656 316 684 1²9·

164 695 237 725 ilionaclri
248 695 309 726 inutiles
319 697 424 735 increpantur,
438 706 460 734 14.

164 745 251 775 Monaclros
262 744 290 785 (iu)
301 746 386 783 instabiles,
399 749 430 782 [46.

163 795 251 824 llionaclros
261 795 289 834 (in)
299 792 412 834 voluptuarios,
424 806 447 834 94.

163 844 277 874 ilionachorum
288 845 376 886 (adversus)
387 847 446 883 luxum,
459 856 492 884 ῐο4.

162 894 249 924 ilionachos
259 894 287 934 (iu)
298 896 398 926 saeculariter
407 896 483 934 viventes,
491 906 515 934 34.

163 943 250 973 llionaclros
256 942 285 983 (in)
293 954 338 975 secus
349 946 413 975 onmiuo
421 955 439 976 se
444 951 516 983 gerentes

187 992 202 1022 iu
217 993 307 1031 coenobiis,
318 1004 377 1033 quam,
391 1005 422 1034 qua
437 996 456 1026 de
470 1006 517 1026 causa

187 1042 223 1072 illuc
234 1042 280 1072 ierint
290 1054 309 1073 ac
319 1045 396 1083 voverint,
409 1054 441 1082 129.

163 1092 250 1122 lilonaclros
260 1092 288 1131 (in)
298 1103 378 1124 sacrarum
390 1095 475 1125 litterarum
485 1100 516 1125 stu-

187 1141 231 1171 dium
241 1142 338 1180 abiicieutes,
350 1146 374 1174 28.

161 1190 235 1220 llionachi
245 1192 282 1221 mali
290 1193 332 1222 liouo
339 1194 402 1224 Alibate
409 1193 473 1231 indigni,
482 1204 515 1232 251.

162 1240 235 1270 Monaclri
246 1240 279 1271 sine
290 1242 345 1272 ordine
352 1243 423 1273 viventes
433 1244 517 1274 sortientur

187 1291 240 1320 locum
250 1290 277 1320 ubi
287 1291 339 1321 nullus
349 1292 394 1330 ordo,
406 1301 438 1329 237.

162 1339 236 1369 liionaclii
246 1340 328 1378 foedifragi
337 1351 369 1371 non
376 1343 449 1372 monaehi
459 1343 487 1373 sed
497 1343 516 1373 ir-

187 1389 250 1426 risores,
262 1392 275 1420 8.

162 1440 249 1469 Monachus
260 1441 311 1470 nullus
321 1451 331 1470 a
340 1446 395 1471 sancto
402 1442 483 1480 proposito
493 1452 516 1473 re·

186 1488 228 1519 cedit
238 1489 268 1518 nisi
278 1499 367 1527 perversus,
379 1501 412 1529 ²5²·

162 1539 249 1568 Monachus
264 1544 319 1569 votum
329 1550 389 1578 negans
400 1541 479 1571 Christum
489 1552 516 1572 ue·

185 1593 218 1625 gat,
230 1590 264 1624 248.

161 1638 258 1667 Monasticae
269 1638 310 1669 uitae
324 1640 402 1670 ordinatio
416 1650 457 1678 quae
467 1642 514 1678 bona,

186 1689 219 1724 185.

160 1739 257 1768 Monasticae
267 1739 308 1769 vitae
322 1740 381 1777 puritas
395 1740 456 1770 divitias
467 1751 514 1779 pepe·

184 1788 209 1819 rit:
221 1788 285 1819 easdem
296 1790 360 1819 exclusa
371 1790 445 1826 excludit,
456 1799 480 1827 43.

160 1839 236 1868 Moriatur
246 1839 281 1875 quis
291 1848 361 1876 securus,
373 1848 405 1876 172.

160 1889 214 1918 Mortis
228 1888 310 1919 meditatio
325 1890 398 1927 frequens
413 1899 460 1927 quam
473 1891 513 1920 salu-

184 1938 220 1973 bris,
231 1948 254 1975 32.
483 1937 485 1942 ’

161 1988 216 2017 iilortis
227 1989 326 2026 praeparatio
336 1990 409 2020 continua
419 1990 443 2028 sit,
455 1999 487 2027 170,

159 2038 228 2068 Mundus
245 2038 270 2068 hic
287 2039 365 2076 quaedam
382 2040 437 2070 fornax
452 2045 476 2070 est
490 2042 512 2071 iu-

184 2088 218 2125 stis,
229 2090 254 2117 66.

160 2138 228 2168 illundus
239 2137 296 2174 quibus
307 2139 399 2176 Crucifixus,
411 2141 444 2169 228.

326 2239 341 2267 N

160 2338 219 2367 Natura
230 2341 303 2366 contenta
313 2337 373 2374 paucis,
386 2346 418 2374 107.

158 2386 250 2416 Necessaria
256 2386 316 2416 nescire
323 2391 374 2424 turpe:
380 2397 411 2416 nou
418 2386 477 2417 discere
481 2392 512 2418 tur·

182 2437 224 2474 pius:
235 2440 335 2466 contemnere
345 2437 458 2474 turpissimmn,
469 2447 493 2473 30.

158 2486 247 2516 Necessitas
258 2485 345 2523 multiplex,
357 2488 390 2516 226.

158 2536 218 2565 Nicolai
234 2535 316 2565 cuiusdam
332 2536 400 2565 Helvetii
414 2536 452 2565 mira
466 2537 512 2566 absti-

183 2586 241 2622 nentia,
255 2587 287 2615 106,

158 2636 232 2666 Nicolaus
243 2635 326 2665 Cluisanus
333 2635 356 2664 vir
363 2635 468 2673 doctissimus,
478 2638 511 2667 186.

469 118 521 158 Iudex
534 119 608 158 oruuiuru

556 199 657 237 Nobilissimi‚
669 204 684 230 et
694 200 773 233 tenerrimi
787 200 851 231 iuvenes
864 200 908 230 multi

580 250 608 279 suh
622 249 688 286 regulari
701 250 721 280 D,
733 252 749 280 P.
762 250 841 280 Benedicti
856 252 908 280 ohser-

580 298 632 328 vantia
644 298 733 336 militarunt,
745 308 779 336 244.

723 418 736 447 O

555 496 648 527 Obedientia
660 498 778 533 monachorum,
790 499 823 527 226.

554 545 647 576 Obedientia
657 546 729 575 monachi
743 550 827 583 armatura,
840 555 873 583 144.

555 595 648 625 Obedicntia
662 595 699 625 uiliii
713 596 772 632 maius,
787 600 814 625 aut
828 596 907 633 acceptius

579 646 614 674 Deo
625 650 676 682 potest
687 646 744 682 ollerri,
757 653 789 682 ¹43.

554 694 656 725 Obedientiae
667 695 741 735 precium,
756 703 788 730 142.

554 744 657 774 Obseruantia
671 749 732 781 nostra,
747 754 794 782 quam
808 745 828 774 sit
842 744 906 774 remissa

579 804 598 823 ex
612 794 694 824 collatione
710 798 781 824 veterum
798 794 842 824 facile
857 795 906 831 pervi-

568 844 629 879 detur,
641 852 677 879 230.

553 892 656 922 Occasionem
670 897 746 929 qrraeruut
759 896 841 929 apostatae
852 894 872 922 ab
882 902 906 922 or-

578 941 613 971 dine
624 942 738 978 retrocedendi,
747 951 780 979 251.

554 991 628 1021 Ociosum
638 992 703 1021 verbum
715 992 759 1029 quid,
772 993 795 1022 fio,

554 1042 610 1070 Ociurn
622 1042 699 1071 monacho
714 1041 794 1079 inprimis
807 1041 904 1078 fugiendum,

577 1092 601 1127 ³⁶-
851 1086 853 1090 ’

553 1140 611 1169 Odium
622 1140 676 1176 fratris,
685 1145 700 1169 et
707 1140 737 1169 Dei
747 1150 792 1170 amor
802 1140 864 1169 insimul
875 1151 904 1170 uon

577 1194 698 1226 commorantur,
710 1197 744 1226 254.

553 1248 638 1279 Offendens
645 1249 712 1286 aliquem
719 1253 809 1278 sanctorum
817 1258 872 1279 omnes
882 1250 900 1278 oi

576 1298 631 1334 ieudit,
642 1306 675 1335 237.

553 1347 634 1378 Omndrrrn
645 1348 688 1385 quid,
699 1352 715 1377 et
725 1348 812 1385 quomodo,
824 1357 847 1385 51.

553 1397 633 1427 Orandum
648 1407 676 1434 per
693 1397 766 1427 virtutem
786 1398 840 1428 Crucis
861 1398 904 1427 Clui-

577 1446 603 1482 sti,
614 1455 638 1483 55.

553 1495 633 1525 Orarulum
644 1496 677 1526 sine
687 1496 806 1532 intermissione,
818 1499 842 1533 48.

553 1546 601 1575 Orare
611 1545 645 1575 siue
655 1545 769 1576 intermissione
783 1549 807 1585 est
820 1546 904 1583 praecipue

576 1596 694 1632 monachorum,
705 1598 728 1631 48.

552 1644 633 1674 Orantium
646 1644 739 1674 unanimitas
752 1644 773 1673 ad
787 1644 911 1676 exauditionem

575 1694 669 1729 necessaria,
681 1702 715 1723 mo.

551 1743 605 1773 Oratio
616 1743 713 1780 potissimum
724 1747 748 1773 est
758 1743 815 1780 cordis,
827 1752 850 1781 49.

551 1792 605 1822 Oratio
615 1801 664 1829 purae
674 1792 731 1822 mentis
743 1802 791 1830 quam
806 1793 866 1830 efficax,
878 1802 902 1830 52.

551 1841 629 1872 Orationis
639 1842 673 1870 alae
684 1842 730 1879 duae,
742 1851 766 1879 50.

550 1890 628 1921 Orationis
638 1890 704 1920 fructum
715 1890 747 1920 duo
757 1891 850 1928 impediunt,
863 1901 885 1928 51,

550 1941 604 1971 Oratio
614 1950 650 1970 cum
660 1941 744 1977 gratiarum
752 1941 813 1971 actione
822 1945 858 1978 post
868 1951 902 1978 pre·

574 2000 600 2021 ces
611 1990 698 2027 canonicas,
710 1993 733 2027 56.

549 2040 604 2070 Oratio
617 2040 678 2077 quoties
688 2040 736 2070 libido
750 2044 820 2069 mentem
831 2041 902 2077 pulsave-

574 2091 598 2126 rit,
611 2098 643 2126 154.

549 2140 603 2170 Oratio
612 2149 644 2168 uon
654 2139 705 2169 minus
715 2143 780 2176 potens,
792 2149 840 2176 quam
851 2139 902 2169 brevis

573 2193 627 2219 contra
637 2198 691 2218 omnes
701 2189 801 2225 tentationes,
814 2198 837 2225 53.

549 2239 592 2269 Ordo
606 2239 627 2268 D.
639 2239 654 2267 P.
671 2237 750 2268 Benedicti
765 2238 781 2267 in
797 2238 849 2267 multis
864 2239 902 2268 olim

573 2288 645 2318 omnibus
655 2288 742 2324 sublimior,
754 2295 788 2324 234.

549 2337 611 2368 Ordinis
616 2337 700 2366 necessitas
706 2346 737 2366 non
743 2336 861 2374 dissimulanda,
867 2346 900 2374 234.

719 2458 733 2486 P

549 2537 592 2567 Pacis
603 2535 691 2572 eucomion,
703 2545 726 2572 23.

549 2588 581 2617 Pax
592 2585 686 2622 Euangeliou
693 2595 739 2623 quac,
747 2590 763 2615 et
774 2586 855 2622 quomodo
865 2595 901 2624 pos·

573 2635 647 2671 sidentur,
659 2645 681 2665 22.
