1968 3023
67 304 129 344 ,Christus

44 347 107 365 unicum
117 346 130 364 er

47 374 130 408 singulare

43 409 110 442 parientiae
118 418 130 434 e·
151 418 154 424 ·

43 443 114 477 xeruplum¹

62 1197 98 1223 Maru
109 1206 128 1223 11.

152 169 185 205 124
368 158 394 195 De
405 158 494 208 pellearia,
509 165 523 195 ut
535 158 666 196 mansuetudine.

150 239 184 276 illis
192 240 288 275 memorati
297 239 375 276 hominis
385 252 466 288 propono
476 240 493 275 iu
505 240 590 282 medium,
599 240 628 287 qui
638 241 720 276 omnium
727 239 807 276 virorum
816 239 884 288 patieu-

150 299 239 334 tissimum
254 310 290 335 uon
304 298 398 335 attendunt
411 299 469 335 lesum
480 299 583 335 Christum?
596 298 693 346 Enimvero
707 298 787 347 quisquis
801 297 883 346 exemplo

151 358 204 406 Regis
222 357 315 394 coelorum
332 358 443 405 patientiam,
458 367 474 393 et
488 357 609 394 humilitatem
627 370 663 395 uon
681 357 802 406 amplectitur,
819 357 885 395 uullius

151 417 250 453 unitatione
263 417 342 453 hominis
353 416 375 453 ad
385 416 538 453 mansuetudinem
552 426 651 454 revocatur.
666 417 762 454 Summum
776 431 857 466 namque,
867 426 884 453 et

150 488 253 524 supremum
270 476 371 524 patientiae,
381 486 397 513 et
407 475 511 513 humilitatis
524 475 615 524 exemplar
624 485 651 512 est
661 477 694 513 Dei
704 475 756 523 filius,
767 478 817 514 cuius
827 490 885 514 recor-

149 536 220 571 datione
231 536 319 582 passionis
327 535 407 584 quisquis
416 534 437 572 ad
446 534 566 572 sufferentiam
576 548 613 572 nou
620 535 704 580 flectitur,
713 536 810 581 induratus,
821 546 837 574 et
847 536 885 573 dae·

149 607 224 631 mouum
238 596 303 638 socius,
319 594 383 630 merito
397 602 483 631 censetur.
494 593 552 630 Verba
561 594 635 630 Domini
649 596 707 632 nostri
715 594 755 631 Iesu
765 596 832 632 Christi
846 609 884 632 esse

149 665 190 689 veta
203 651 260 688 bonus
274 665 328 689 nemo
342 652 410 689 dubitat
424 652 538 689 christianus:
553 652 596 689 dicit
608 663 667 689 autem
684 654 702 690 iu
715 663 776 691 saucto
786 653 884 703 Evangelio

149 712 241 748 Christus:
257 712 306 748 Beati
319 711 378 757 mites,
393 712 477 760 quouiam
491 712 524 760 ipsi
537 711 654 760 possidebunt
664 722 735 750 terram.
749 713 767 750 Si
778 715 830 750 mites
839 711 884 750 beati

148 782 189 807 sum
202 770 282 808 dicendi:
297 770 339 819 quid
353 770 469 818 prohibetae
484 773 581 818 rumorosi,
597 771 686 817 iracundi,
701 781 718 809 et
731 773 810 809 immites
823 773 883 810 nomi-

148 842 211 868 nentur
225 830 330 868 maledicti?
344 830 404 877 Certe,
417 830 466 867 nihil.
480 831 501 867 Et
515 831 536 877 si,
551 840 627 868 testante
641 832 680 880 ipso
694 833 779 875 Domino,
794 842 811 869 et
824 832 883 869 Salva-

148 901 187 929 tore
200 903 263 928 nostro
276 892 316 928 lesu
330 891 410 937 Christo,
425 893 491 929 animas
505 902 574 929 nostras
587 892 605 929 iu
618 893 702 940 patientia
716 891 834 940 possidemus,
847 905 883 929 uou

149 960 175 987 est
185 950 266 996 dubium,
276 951 318 999 quin
333 963 362 986 eas
376 963 406 998 per
419 950 549 998 impatientiam
562 951 671 986 amittamus.
685 951 764 986 Maxime
777 951 831 999 igitur
842 962 884 986 con·

149 1011 196 1046 venit
210 1010 308 1047 monachos
322 1022 361 1045 esse
375 1010 433 1056 mites,
447 1011 556 1054 inarrsuetos,
572 1018 588 1046 et
602 1010 694 1058 patientes,
706 1010 736 1058 qui
750 1023 768 1046 se
782 1009 853 1053 Christi,
867 1019 884 1046 et

147 1069 277 1119 Apostolorum
287 1069 384 1106 imitationi
393 1069 497 1106 solemniter
506 1067 622 1106 devoverunt.
636 1069 718 1105 Christus
732 1079 791 1105 autem
802 1069 883 1106 omnium

148 1129 254 1165 mitissimus
268 1129 304 1165 suis
318 1128 336 1164 in
346 1128 442 1177 Evangelio
451 1127 550 1176 discipulis,
561 1139 578 1165 et
590 1128 711 1165 imitatoribus
725 1122 809 1177 praecipit
818 1122 889 1165 dicens:¹

148 1189 216 1225 Discite
229 1201 238 1224 a
252 1202 290 1231 me,
305 1188 346 1237 quia
360 1188 407 1224 mitis
421 1200 461 1223 sum
475 1196 491 1223 et
504 1187 577 1224 humilis
591 1187 652 1231 corde,
666 1197 684 1223 et
697 1188 790 1224 inuenietis
803 1188 883 1237 requiem

148 1246 239 1284 animabus
253 1249 322 1284 vestris.
337 1247 382 1283 Hinc
395 1257 465 1283 sauctus
479 1246 548 1294 praesui
557 1247 679 1296 Augustinus:
693 1247 711 1284 Si
725 1260 765 1283 cum
775 1247 847 1283 Christo
856 1247 882 1282 vis

147 1319 220 1356 regnare
234 1307 252 1343 iu
266 1306 326 1349 coelis,
341 1305 389 1342 disce
403 1306 451 1354 prius
464 1304 485 1341 ab
500 1319 526 1349 eo,
540 1316 559 1342 ut
573 1306 596 1342 sis
610 1307 666 1352 mitis,
680 1307 756 1354 patiens,
770 1307 850 1351 humilis,
865 1316 882 1342 et

147 1375 256 1412 mansuetus,
266 1367 350 1414 quoniam
365 1365 398 1401 nisi
411 1366 432 1402 ad
446 1364 483 1402 eius
493 1365 611 1403 imitationem
620 1366 667 1402 vitae
680 1366 698 1403 iu
712 1365 746 1402 hoc
759 1367 827 1403 maudo
841 1379 882 1402 con-

146 1436 225 1463 versatus
236 1424 296 1469 fueris,
305 1424 407 1462 nuliatenus
417 1438 457 1461 curu
467 1437 488 1461 eo
502 1425 520 1461 in
531 1434 636 1473 perpetuum
646 1424 733 1474 regnabis.
747 1426 803 1462 Divus
812 1438 882 1475 quoque

147 1485 253 1522 Ambrosius
266 1484 319 1522 dicit:
334 1484 380 1520 Cum
397 1484 497 1534 deposuero
515 1497 568 1521 omne
581 1494 684 1532 peccatum,
698 1495 715 1522 et
728 1498 793 1522 exuero
809 1497 882 1522 omnem

146 1545 238 1590 malitiam,
252 1555 269 1581 et
282 1543 396 1593 simplicitate
410 1552 503 1580 contentus
517 1543 568 1580 fuero
580 1543 637 1592 inops
648 1543 743 1589 malorum,
758 1555 847 1594 superest,
862 1553 881 1580 ut

147 1618 206 1642 mores
220 1614 326 1652 temperem.
341 1603 390 1647 Quid
404 1604 450 1640 enirn
464 1602 508 1638 mihi
522 1602 594 1651 prodest
607 1615 667 1639 catere
676 1602 776 1648 sceleribus,
786 1605 820 1641 nisi
830 1604 881 1640 fuero

146 1665 201 1709 ruitis,
211 1672 264 1712 atque
273 1663 389 1699 mansuetus?
403 1661 434 1698 llle
443 1670 502 1697 autem
516 1662 565 1697 mitis
578 1670 614 1699 est:
628 1663 659 1710 qui
672 1662 718 1699 cedit
730 1662 880 1711 improbitatibus,

147 1734 164 1761 et
173 1737 209 1761 nou
218 1724 285 1760 resistit
294 1725 313 1760 iu
322 1722 376 1769 malo,
386 1722 416 1759 sed
424 1722 479 1759 vincit
488 1722 506 1759 in
515 1721 563 1759 bono
572 1721 645 1758 malum.
659 1722 764 1759 Mansuetus
778 1733 803 1760 est
815 1732 880 1767 autem,

147 1792 222 1821 testaute
236 1783 376 1831 Chrysostomo,
391 1782 421 1831 qui
434 1794 474 1818 curn
487 1781 556 1817 iniuriis
569 1790 678 1830 prouocatus
692 1777 753 1827 fuerit,
767 1795 799 1819 nec
814 1781 881 1819 malum

147 1845 212 1893 cogitat
225 1842 290 1888 facere,
300 1854 333 1879 nec
344 1840 391 1878 facit,
407 1840 530 1879 Cassiodorius
540 1854 582 1878 vero
592 1841 645 1877 dicit:
660 1841 763 1878 Mansuetus
773 1842 880 1891 appellamus

146 1915 200 1939 manu
214 1910 317 1947 consuetos,
331 1899 348 1936 id
362 1910 388 1936 est
402 1900 496 1948 patientes,
510 1909 528 1935 et
541 1900 604 1945 mites,
618 1900 648 1948 qui
662 1900 726 1937 alienas
740 1900 841 1949 iniquitates
854 1910 881 1936 to-

146 1962 206 2004 lerant,
221 1973 254 1996 nec
267 1960 344 2009 aliquem
357 1971 430 2007 gravare
444 1968 564 2008 praesumunt,
578 1957 600 1994 de
614 1957 678 2007 quibus
691 1960 708 1995 in
722 1958 790 2006 psalmo
805 1959 879 1996 dicitur:

146 2022 166 2058 lu
178 2021 258 2058 Domino
272 2018 371 2056 laudabitur
385 2019 443 2055 anima
455 2031 501 2063 mea,
516 2016 587 2055 audiant
600 2018 689 2055 mansueti
705 2028 722 2055 et
734 2018 827 2056 laetentur.
840 2018 881 2055 Non

146 2081 190 2118 dixit
203 2081 221 2117 iu
234 2080 274 2128 lege
288 2079 347 2128 petiti,
361 2092 396 2115 uon
410 2080 519 2124 ieiunantes,
532 2091 569 2115 non
582 2077 687 2126 psallentes,
702 2077 732 2114 sed
745 2078 833 2114 mansueti
846 2077 880 2113 lae-

145 2150 211 2185 tentur,
226 2140 256 2188 qui
270 2150 311 2175 cum
325 2137 409 2174 charitate
423 2137 515 2186 praecipue
533 2136 597 2173 habere
610 2137 693 2173 omnium
706 2148 766 2173 rerum
781 2146 880 2185 temperan-

145 2201 188 2236 tiam
202 2208 340 2236 consueverunt.
353 2197 381 2234 llli
395 2208 453 2234 autem
467 2209 509 2233 vere
522 2207 563 2233 sunt
577 2197 638 2243 mites,
653 2197 741 2235 mausueti
756 2208 773 2234 et
786 2198 879 2246 patientes,

146 2318 176 2355 sed
189 2318 207 2354 in
221 2330 252 2353 sua
265 2316 342 2365 simplici
360 2315 460 2352 humilitate
478 2317 595 2352 consistentes
613 2328 677 2352 onmes
692 2316 775 2362 iniurias,
789 2326 879 2353 contume-

144 2378 182 2424 lias,
196 2388 212 2414 et
225 2378 324 2422 irrisiones,
337 2389 370 2426 pro
384 2375 450 2412 Christi
464 2387 530 2421 amore,
539 2387 611 2423 semper
624 2375 753 2423 aequanimiter
768 2375 849 2421 tolerant,
863 2386 880 2412 et

146 2447 206 2475 contra
219 2436 310 2474 laedentes
327 2434 377 2472 nullo
394 2435 447 2472 auimi
461 2434 521 2472 dolore
534 2443 643 2479 moveatur,
658 2433 810 2483 quemadmodum
825 2435 879 2471 fuisse

145 2496 254 2534 monachum
271 2495 323 2532 illum
341 2494 375 2531 iam
394 2494 481 2539 diximus,
496 2507 549 2542 quem
567 2492 613 2541 apud
627 2493 723 2542 Bingiones
739 2495 789 2541 pueri
802 2493 879 2530 furentes

145 2558 197 2594 ulmis
212 2556 343 2594 contumeliose
357 2565 482 2607 tractaverunt.
497 2555 554 2591 Facile
568 2564 628 2591 autern
642 2563 668 2590 est
682 2566 720 2590 esse
732 2554 801 2598 mitem,
812 2553 879 2603 patieu-

143 2627 185 2663 tem,
198 2626 214 2653 et
227 2625 347 2659 mansuetum,
357 2614 440 2664 quamdiu
455 2614 498 2651 uihil
512 2614 581 2658 dicitur,
591 2613 620 2649 vel
633 2613 691 2662 egitur
704 2613 738 2649 uisi
747 2626 779 2661 pro
788 2613 879 2650 voluntate

145 2686 162 2714 et
176 2674 247 2713 arbitrio
264 2675 350 2724 patientis.
364 2673 433 2712 Patebit
449 2683 509 2710 autem
522 2687 575 2723 quam
589 2673 612 2708 sit
625 2672 679 2722 louge
696 2685 759 2710 avera
775 2680 879 2709 mausuetu-
