<?xml version="1.0" encoding="UTF-8"?>
<!DOCTYPE html PUBLIC "-//W3C//DTD XHTML 1.0 Transitional//EN"
    "http://www.w3.org/TR/xhtml1/DTD/xhtml1-transitional.dtd">
<html xmlns="http://www.w3.org/1999/xhtml" xml:lang="en" lang="en">
 <head>
  <title>
</title>
<meta http-equiv="Content-Type" content="text/html;charset=utf-8" />
  <meta name='ocr-system' content='tesseract 3.04.00' />
  <meta name='ocr-capabilities' content='ocr_page ocr_carea ocr_par ocr_line ocrx_word'/>
</head>
<body>
  <div class='ocr_page' id='page_1' title='image "MN5032ucmf_2_0153.png"; bbox 0 0 1968 3023; ppageno 0'>
   <div class='ocr_carea' id='block_1_1' title="bbox 350 153 786 198">
    <p class='ocr_par' dir='ltr' id='par_1_1' title="bbox 350 153 786 198">
     <span class='ocr_line' id='line_1_1' title="bbox 350 153 786 198; baseline -0.011 -6"><span class='ocrx_word' id='word_1_1' title='bbox 350 154 427 192; x_wconf 82' lang='lat' dir='ltr'>Humilia</span> <span class='ocrx_word' id='word_1_2' title='bbox 440 153 487 191; x_wconf 79' lang='lat' dir='ltr'><em>XIX.</em></span> <span class='ocrx_word' id='word_1_3' title='bbox 754 164 786 198; x_wconf 78' lang='lat'>141</span> 
     </span>
    </p>
   </div>
   <div class='ocr_carea' id='block_1_2' title="bbox 11 229 860 1477">
    <p class='ocr_par' dir='ltr' id='par_1_2' title="bbox 53 229 788 284">
     <span class='ocr_line' id='line_1_2' title="bbox 53 229 788 284; baseline -0.008 -12"><span class='ocrx_word' id='word_1_4' title='bbox 53 234 114 272; x_wconf 89' lang='lat' dir='ltr'>dentes</span> <span class='ocrx_word' id='word_1_5' title='bbox 127 244 186 273; x_wconf 90' lang='lat' dir='ltr'>autern</span> <span class='ocrx_word' id='word_1_6' title='bbox 200 235 277 284; x_wconf 82' lang='lat' dir='ltr'>superbi,</span> <span class='ocrx_word' id='word_1_7' title='bbox 290 245 308 272; x_wconf 90' lang='lat' dir='ltr'>et</span> <span class='ocrx_word' id='word_1_8' title='bbox 321 243 424 283; x_wconf 79' lang='lat' dir='ltr'>arrogantes</span> <span class='ocrx_word' id='word_1_9' title='bbox 441 233 459 269; x_wconf 95' lang='lat' dir='ltr'>in</span> <span class='ocrx_word' id='word_1_10' title='bbox 473 232 543 269; x_wconf 77' lang='lat' dir='ltr'>inferno</span> <span class='ocrx_word' id='word_1_11' title='bbox 557 232 650 269; x_wconf 85' lang='lat' dir='ltr'>constituti</span> <span class='ocrx_word' id='word_1_12' title='bbox 666 240 732 268; x_wconf 89' lang='lat' dir='ltr'>tantam</span> <span class='ocrx_word' id='word_1_13' title='bbox 749 229 788 279; x_wconf 88' lang='lat' dir='ltr'>glo-</span> 
     </span>
    </p>

    <p class='ocr_par' dir='ltr' id='par_1_3' title="bbox 11 284 860 1477">
     <span class='ocr_line' id='line_1_3' title="bbox 11 284 789 345; baseline -0.006 -13"><span class='ocrx_word' id='word_1_14' title='bbox 11 284 13 290; x_wconf 37' lang='lat'><em>&#39;</em></span> <span class='ocrx_word' id='word_1_15' title='bbox 52 296 96 332; x_wconf 89' lang='lat' dir='ltr'>riam</span> <span class='ocrx_word' id='word_1_16' title='bbox 110 295 211 342; x_wconf 82' lang='lat' dir='ltr'>humilium,</span> <span class='ocrx_word' id='word_1_17' title='bbox 226 309 270 345; x_wconf 88' lang='lat' dir='ltr'>quos</span> <span class='ocrx_word' id='word_1_18' title='bbox 284 296 301 332; x_wconf 94' lang='lat' dir='ltr'>in</span> <span class='ocrx_word' id='word_1_19' title='bbox 315 294 383 332; x_wconf 80' lang='lat' dir='ltr'>inundo</span> <span class='ocrx_word' id='word_1_20' title='bbox 393 293 517 343; x_wconf 81' lang='lat' dir='ltr'>despexerunt,</span> <span class='ocrx_word' id='word_1_21' title='bbox 527 292 638 330; x_wconf 87' lang='lat' dir='ltr'>mirabuntur</span> <span class='ocrx_word' id='word_1_22' title='bbox 652 293 669 329; x_wconf 93' lang='lat' dir='ltr'>in</span> <span class='ocrx_word' id='word_1_23' title='bbox 683 302 719 328; x_wconf 88' lang='lat' dir='ltr'>tam</span> <span class='ocrx_word' id='word_1_24' title='bbox 730 289 789 328; x_wconf 86' lang='lat' dir='ltr'>subita</span> 
     </span>
     <span class='ocr_line' id='line_1_4' title="bbox 52 350 789 404; baseline -0.008 -12"><span class='ocrx_word' id='word_1_25' title='bbox 52 357 151 393; x_wconf 81' lang='lat' dir='ltr'>mutatione</span> <span class='ocrx_word' id='word_1_26' title='bbox 165 365 274 404; x_wconf 82' lang='lat' dir='ltr'>sanctorum,</span> <span class='ocrx_word' id='word_1_27' title='bbox 288 354 440 404; x_wconf 89' lang='lat' dir='ltr'>turbabunturque</span> <span class='ocrx_word' id='word_1_28' title='bbox 453 354 518 391; x_wconf 87' lang='lat' dir='ltr'>timore</span> <span class='ocrx_word' id='word_1_29' title='bbox 533 351 612 390; x_wconf 86' lang='lat' dir='ltr'>horribili</span> <span class='ocrx_word' id='word_1_30' title='bbox 626 365 667 400; x_wconf 90' lang='lat' dir='ltr'>prae</span> <span class='ocrx_word' id='word_1_31' title='bbox 685 352 740 387; x_wconf 91' lang='lat' dir='ltr'>nimia</span> <span class='ocrx_word' id='word_1_32' title='bbox 753 350 789 398; x_wconf 88' lang='lat' dir='ltr'>spi-</span> 
     </span>
     <span class='ocr_line' id='line_1_5' title="bbox 52 410 860 465; baseline -0.007 -14"><span class='ocrx_word' id='word_1_33' title='bbox 52 415 97 452; x_wconf 92' lang='lat' dir='ltr'>ritus</span> <span class='ocrx_word' id='word_1_34' title='bbox 110 417 191 464; x_wconf 84' lang='lat' dir='ltr'>angustia</span> <span class='ocrx_word' id='word_1_35' title='bbox 205 426 303 465; x_wconf 82' lang='lat' dir='ltr'>gementes,</span> <span class='ocrx_word' id='word_1_36' title='bbox 318 425 334 452; x_wconf 94' lang='lat' dir='ltr'>et</span> <span class='ocrx_word' id='word_1_37' title='bbox 348 414 426 452; x_wconf 87' lang='lat' dir='ltr'>dicentes</span> <span class='ocrx_word' id='word_1_38' title='bbox 441 414 459 450; x_wconf 93' lang='lat' dir='ltr'>in</span> <span class='ocrx_word' id='word_1_39' title='bbox 473 413 532 450; x_wconf 84' lang='lat' dir='ltr'>furore</span> <span class='ocrx_word' id='word_1_40' title='bbox 547 410 650 461; x_wconf 85' lang='lat' dir='ltr'>superbiae:</span> <span class='ocrx_word' id='word_1_41' title='bbox 664 411 688 448; x_wconf 94' lang='lat' dir='ltr'>Hi</span> <span class='ocrx_word' id='word_1_42' title='bbox 698 421 740 447; x_wconf 87' lang='lat' dir='ltr'>sunt</span> <span class='ocrx_word' id='word_1_43' title='bbox 749 422 788 446; x_wconf 91' lang='lat' dir='ltr'>mo·</span> <span class='ocrx_word' id='word_1_44' title='bbox 809 420 839 454; x_wconf 65' lang='lat' dir='ltr'>sip,</span> <span class='ocrx_word' id='word_1_45' title='bbox 848 427 860 453; x_wconf 83' lang='lat'>7·</span> 
     </span>
     <span class='ocr_line' id='line_1_6' title="bbox 51 470 788 524; baseline -0.007 -12"><span class='ocrx_word' id='word_1_46' title='bbox 51 475 103 512; x_wconf 88' lang='lat' dir='ltr'>nachi</span> <span class='ocrx_word' id='word_1_47' title='bbox 117 488 209 524; x_wconf 79' lang='lat' dir='ltr'>pauperes,</span> <span class='ocrx_word' id='word_1_48' title='bbox 223 484 240 511; x_wconf 89' lang='lat' dir='ltr'>et</span> <span class='ocrx_word' id='word_1_49' title='bbox 253 474 336 522; x_wconf 82' lang='lat' dir='ltr'>humiles,</span> <span class='ocrx_word' id='word_1_50' title='bbox 350 474 441 523; x_wconf 89' lang='lat' dir='ltr'>quondam</span> <span class='ocrx_word' id='word_1_51' title='bbox 454 473 520 510; x_wconf 83' lang='lat' dir='ltr'>vilibus</span> <span class='ocrx_word' id='word_1_52' title='bbox 533 472 596 519; x_wconf 84' lang='lat' dir='ltr'>induti,</span> <span class='ocrx_word' id='word_1_53' title='bbox 604 472 709 521; x_wconf 83' lang='lat' dir='ltr'>sequestrati</span> <span class='ocrx_word' id='word_1_54' title='bbox 723 470 742 507; x_wconf 87' lang='lat' dir='ltr'>ab</span> <span class='ocrx_word' id='word_1_55' title='bbox 757 470 788 507; x_wconf 92' lang='lat' dir='ltr'>ho·</span> 
     </span>
     <span class='ocr_line' id='line_1_7' title="bbox 52 529 788 582; baseline -0.005 -12"><span class='ocrx_word' id='word_1_56' title='bbox 52 529 137 581; x_wconf 68' lang='lat' dir='ltr'>minibus,</span> <span class='ocrx_word' id='word_1_57' title='bbox 151 533 171 571; x_wconf 91' lang='lat' dir='ltr'>ab</span> <span class='ocrx_word' id='word_1_58' title='bbox 186 547 216 571; x_wconf 88' lang='lat' dir='ltr'>esu</span> <span class='ocrx_word' id='word_1_59' title='bbox 231 535 321 581; x_wconf 88' lang='lat' dir='ltr'>carnium,</span> <span class='ocrx_word' id='word_1_60' title='bbox 336 545 353 571; x_wconf 86' lang='lat' dir='ltr'>et</span> <span class='ocrx_word' id='word_1_61' title='bbox 367 535 416 571; x_wconf 91' lang='lat' dir='ltr'>omni</span> <span class='ocrx_word' id='word_1_62' title='bbox 435 534 518 582; x_wconf 71' lang='lat' dir='ltr'>spurcitia</span> <span class='ocrx_word' id='word_1_63' title='bbox 536 533 593 569; x_wconf 85' lang='lat' dir='ltr'>tarnis</span> <span class='ocrx_word' id='word_1_64' title='bbox 611 531 729 578; x_wconf 78' lang='lat' dir='ltr'>abstinentes,</span> <span class='ocrx_word' id='word_1_65' title='bbox 744 544 788 580; x_wconf 88' lang='lat' dir='ltr'>quos</span> 
     </span>
     <span class='ocr_line' id='line_1_8' title="bbox 50 589 787 643; baseline -0.005 -13"><span class='ocrx_word' id='word_1_66' title='bbox 50 592 145 630; x_wconf 88' lang='lat' dir='ltr'>habuimus</span> <span class='ocrx_word' id='word_1_67' title='bbox 158 593 254 643; x_wconf 87' lang='lat' dir='ltr'>aliquando</span> <span class='ocrx_word' id='word_1_68' title='bbox 268 595 285 630; x_wconf 92' lang='lat' dir='ltr'>in</span> <span class='ocrx_word' id='word_1_69' title='bbox 298 593 386 640; x_wconf 86' lang='lat' dir='ltr'>derisum,</span> <span class='ocrx_word' id='word_1_70' title='bbox 401 604 418 631; x_wconf 91' lang='lat' dir='ltr'>et</span> <span class='ocrx_word' id='word_1_71' title='bbox 431 592 567 630; x_wconf 87' lang='lat' dir='ltr'>similitudinem</span> <span class='ocrx_word' id='word_1_72' title='bbox 584 589 699 641; x_wconf 85' lang='lat' dir='ltr'>improperii:</span> <span class='ocrx_word' id='word_1_73' title='bbox 713 604 746 628; x_wconf 92' lang='lat' dir='ltr'>nos</span> <span class='ocrx_word' id='word_1_74' title='bbox 762 590 787 626; x_wconf 92' lang='lat' dir='ltr'>in-</span> 
     </span>
     <span class='ocr_line' id='line_1_9' title="bbox 50 649 788 699; baseline -0.007 -9"><span class='ocrx_word' id='word_1_75' title='bbox 50 654 117 690; x_wconf 79' lang='lat' dir='ltr'>sensati</span> <span class='ocrx_word' id='word_1_76' title='bbox 130 653 184 689; x_wconf 87' lang='lat' dir='ltr'>vitam</span> <span class='ocrx_word' id='word_1_77' title='bbox 202 652 275 690; x_wconf 90' lang='lat' dir='ltr'>illorum</span> <span class='ocrx_word' id='word_1_78' title='bbox 293 652 430 690; x_wconf 87' lang='lat' dir='ltr'>aestimabamus</span> <span class='ocrx_word' id='word_1_79' title='bbox 449 653 544 699; x_wconf 84' lang='lat' dir='ltr'>insaniam,</span> <span class='ocrx_word' id='word_1_80' title='bbox 558 661 575 689; x_wconf 86' lang='lat' dir='ltr'>et</span> <span class='ocrx_word' id='word_1_81' title='bbox 588 650 641 688; x_wconf 85' lang='lat' dir='ltr'>finem</span> <span class='ocrx_word' id='word_1_82' title='bbox 661 649 733 688; x_wconf 91' lang='lat' dir='ltr'>illorum</span> <span class='ocrx_word' id='word_1_83' title='bbox 749 650 788 686; x_wconf 84' lang='lat' dir='ltr'>sine</span> 
     </span>
     <span class='ocr_line' id='line_1_10' title="bbox 50 711 787 760; baseline -0.003 -12"><span class='ocrx_word' id='word_1_84' title='bbox 50 711 125 749; x_wconf 84' lang='lat' dir='ltr'>honore.</span> <span class='ocrx_word' id='word_1_85' title='bbox 135 712 180 749; x_wconf 88' lang='lat' dir='ltr'>Ecce</span> <span class='ocrx_word' id='word_1_86' title='bbox 193 711 285 760; x_wconf 90' lang='lat' dir='ltr'>quomodo</span> <span class='ocrx_word' id='word_1_87' title='bbox 298 712 344 748; x_wconf 92' lang='lat' dir='ltr'>inter</span> <span class='ocrx_word' id='word_1_88' title='bbox 358 711 404 748; x_wconf 90' lang='lat' dir='ltr'>filios</span> <span class='ocrx_word' id='word_1_89' title='bbox 418 712 450 748; x_wconf 90' lang='lat' dir='ltr'>Dei</span> <span class='ocrx_word' id='word_1_90' title='bbox 461 712 559 760; x_wconf 87' lang='lat' dir='ltr'>computati</span> <span class='ocrx_word' id='word_1_91' title='bbox 572 721 619 758; x_wconf 86' lang='lat' dir='ltr'>sunt,</span> <span class='ocrx_word' id='word_1_92' title='bbox 630 721 647 747; x_wconf 89' lang='lat' dir='ltr'>et</span> <span class='ocrx_word' id='word_1_93' title='bbox 657 712 702 748; x_wconf 89' lang='lat' dir='ltr'>inter</span> <span class='ocrx_word' id='word_1_94' title='bbox 716 718 787 747; x_wconf 90' lang='lat' dir='ltr'>sanctos</span> 
     </span>
     <span class='ocr_line' id='line_1_11' title="bbox 49 769 785 820; baseline -0.001 -13"><span class='ocrx_word' id='word_1_95' title='bbox 49 784 88 808; x_wconf 92' lang='lat' dir='ltr'>sors</span> <span class='ocrx_word' id='word_1_96' title='bbox 102 770 175 808; x_wconf 88' lang='lat' dir='ltr'>illorum</span> <span class='ocrx_word' id='word_1_97' title='bbox 188 772 220 808; x_wconf 86' lang='lat' dir='ltr'>&#39;est</span> <span class='ocrx_word' id='word_1_98' title='bbox 235 771 281 820; x_wconf 89' lang='lat' dir='ltr'>Ergo</span> <span class='ocrx_word' id='word_1_99' title='bbox 296 772 393 808; x_wconf 86' lang='lat' dir='ltr'>erravimus</span> <span class='ocrx_word' id='word_1_100' title='bbox 406 772 456 808; x_wconf 88' lang='lat' dir='ltr'>avia</span> <span class='ocrx_word' id='word_1_101' title='bbox 470 772 559 818; x_wconf 85' lang='lat' dir='ltr'>veritatis,</span> <span class='ocrx_word' id='word_1_102' title='bbox 573 782 590 808; x_wconf 86' lang='lat' dir='ltr'>et</span> <span class='ocrx_word' id='word_1_103' title='bbox 603 771 680 808; x_wconf 88' lang='lat' dir='ltr'>iustitiae</span> <span class='ocrx_word' id='word_1_104' title='bbox 693 769 745 807; x_wconf 91' lang='lat' dir='ltr'>nobis</span> <span class='ocrx_word' id='word_1_105' title='bbox 759 769 785 806; x_wconf 85' lang='lat' dir='ltr'>tu-</span> 
     </span>
     <span class='ocr_line' id='line_1_12' title="bbox 50 828 786 877; baseline -0.001 -12"><span class='ocrx_word' id='word_1_106' title='bbox 50 842 141 866; x_wconf 87' lang='lat' dir='ltr'>mennon</span> <span class='ocrx_word' id='word_1_107' title='bbox 156 829 222 875; x_wconf 80' lang='lat' dir='ltr'>illuxit,</span> <span class='ocrx_word' id='word_1_108' title='bbox 236 839 253 866; x_wconf 96' lang='lat' dir='ltr'>et</span> <span class='ocrx_word' id='word_1_109' title='bbox 266 829 294 866; x_wconf 93' lang='lat' dir='ltr'>sol</span> <span class='ocrx_word' id='word_1_110' title='bbox 308 829 435 877; x_wconf 77' lang='lat' dir='ltr'>intelligentiae</span> <span class='ocrx_word' id='word_1_111' title='bbox 448 842 483 867; x_wconf 93' lang='lat' dir='ltr'>non</span> <span class='ocrx_word' id='word_1_112' title='bbox 498 840 524 867; x_wconf 90' lang='lat' dir='ltr'>est</span> <span class='ocrx_word' id='word_1_113' title='bbox 537 839 586 867; x_wconf 90' lang='lat' dir='ltr'>ortus</span> <span class='ocrx_word' id='word_1_114' title='bbox 601 829 658 867; x_wconf 89' lang='lat' dir='ltr'>nobis.</span> <span class='ocrx_word' id='word_1_115' title='bbox 672 829 721 873; x_wconf 89' lang='lat' dir='ltr'>Quid</span> <span class='ocrx_word' id='word_1_116' title='bbox 735 828 786 866; x_wconf 92' lang='lat' dir='ltr'>nobis</span> 
     </span>
     <span class='ocr_line' id='line_1_13' title="bbox 49 888 786 938; baseline -0.001 -13"><span class='ocrx_word' id='word_1_117' title='bbox 49 889 85 925; x_wconf 87' lang='lat' dir='ltr'>ianr</span> <span class='ocrx_word' id='word_1_118' title='bbox 99 888 170 938; x_wconf 90' lang='lat' dir='ltr'>prodest</span> <span class='ocrx_word' id='word_1_119' title='bbox 184 888 271 936; x_wconf 85' lang='lat' dir='ltr'>superbia,</span> <span class='ocrx_word' id='word_1_120' title='bbox 283 902 318 938; x_wconf 85' lang='lat' dir='ltr'>qua</span> <span class='ocrx_word' id='word_1_121' title='bbox 331 899 373 926; x_wconf 92' lang='lat' dir='ltr'>tunc</span> <span class='ocrx_word' id='word_1_122' title='bbox 386 888 442 926; x_wconf 86' lang='lat' dir='ltr'>inflati</span> <span class='ocrx_word' id='word_1_123' title='bbox 456 890 596 937; x_wconf 87' lang='lat' dir='ltr'>contempsimus</span> <span class='ocrx_word' id='word_1_124' title='bbox 609 889 698 926; x_wconf 81' lang='lat' dir='ltr'>humiles?</span> <span class='ocrx_word' id='word_1_125' title='bbox 712 898 729 925; x_wconf 94' lang='lat' dir='ltr'>et</span> <span class='ocrx_word' id='word_1_126' title='bbox 743 888 786 938; x_wconf 88' lang='lat' dir='ltr'>quid</span> 
     </span>
     <span class='ocr_line' id='line_1_14' title="bbox 49 947 785 994; baseline -0.001 -9"><span class='ocrx_word' id='word_1_127' title='bbox 49 947 100 985; x_wconf 91' lang='lat' dir='ltr'>nobis</span> <span class='ocrx_word' id='word_1_128' title='bbox 111 948 181 985; x_wconf 86' lang='lat' dir='ltr'>confert</span> <span class='ocrx_word' id='word_1_129' title='bbox 190 947 250 985; x_wconf 86' lang='lat' dir='ltr'>habita</span> <span class='ocrx_word' id='word_1_130' title='bbox 259 950 277 986; x_wconf 90' lang='lat' dir='ltr'>in</span> <span class='ocrx_word' id='word_1_131' title='bbox 287 949 349 986; x_wconf 84' lang='lat' dir='ltr'>seculo</span> <span class='ocrx_word' id='word_1_132' title='bbox 363 949 465 986; x_wconf 83' lang='lat' dir='ltr'>diuitiarum</span> <span class='ocrx_word' id='word_1_133' title='bbox 474 949 570 986; x_wconf 88' lang='lat' dir='ltr'>iactantia?</span> <span class='ocrx_word' id='word_1_134' title='bbox 579 948 710 985; x_wconf 73' lang='lat' dir='ltr'>praeterierunt</span> <span class='ocrx_word' id='word_1_135' title='bbox 719 948 785 994; x_wconf 87' lang='lat' dir='ltr'>omnia,</span> 
     </span>
     <span class='ocr_line' id='line_1_15' title="bbox 49 1007 786 1057; baseline -0.003 -12"><span class='ocrx_word' id='word_1_136' title='bbox 49 1019 66 1045; x_wconf 95' lang='lat' dir='ltr'>et</span> <span class='ocrx_word' id='word_1_137' title='bbox 79 1022 113 1046; x_wconf 91' lang='lat' dir='ltr'>nos</span> <span class='ocrx_word' id='word_1_138' title='bbox 126 1021 159 1057; x_wconf 92' lang='lat' dir='ltr'>pro</span> <span class='ocrx_word' id='word_1_139' title='bbox 173 1009 285 1045; x_wconf 88' lang='lat' dir='ltr'>contumacia</span> <span class='ocrx_word' id='word_1_140' title='bbox 299 1008 345 1045; x_wconf 92' lang='lat' dir='ltr'>inter</span> <span class='ocrx_word' id='word_1_141' title='bbox 359 1007 455 1045; x_wconf 84' lang='lat' dir='ltr'>daemones</span> <span class='ocrx_word' id='word_1_142' title='bbox 469 1009 569 1055; x_wconf 88' lang='lat' dir='ltr'>computati</span> <span class='ocrx_word' id='word_1_143' title='bbox 580 1020 648 1055; x_wconf 88' lang='lat' dir='ltr'>sumus,</span> <span class='ocrx_word' id='word_1_144' title='bbox 657 1008 742 1057; x_wconf 89' lang='lat' dir='ltr'>quoniam</span> <span class='ocrx_word' id='word_1_145' title='bbox 756 1007 786 1043; x_wconf 91' lang='lat' dir='ltr'>hu·</span> 
     </span>
     <span class='ocr_line' id='line_1_16' title="bbox 48 1066 786 1117; baseline -0.001 -13"><span class='ocrx_word' id='word_1_146' title='bbox 48 1068 142 1105; x_wconf 83' lang='lat' dir='ltr'>militatem</span> <span class='ocrx_word' id='word_1_147' title='bbox 157 1067 199 1105; x_wconf 89' lang='lat' dir='ltr'>odio</span> <span class='ocrx_word' id='word_1_148' title='bbox 217 1080 288 1117; x_wconf 86' lang='lat' dir='ltr'>semper</span> <span class='ocrx_word' id='word_1_149' title='bbox 300 1067 405 1116; x_wconf 80' lang='lat' dir='ltr'>habuimus,</span> <span class='ocrx_word' id='word_1_150' title='bbox 420 1082 439 1106; x_wconf 87' lang='lat' dir='ltr'>ac</span> <span class='ocrx_word' id='word_1_151' title='bbox 452 1070 491 1106; x_wconf 90' lang='lat' dir='ltr'>sine</span> <span class='ocrx_word' id='word_1_152' title='bbox 504 1068 538 1105; x_wconf 85' lang='lat' dir='ltr'>fine</span> <span class='ocrx_word' id='word_1_153' title='bbox 555 1069 633 1117; x_wconf 87' lang='lat' dir='ltr'>patimur</span> <span class='ocrx_word' id='word_1_154' title='bbox 648 1066 786 1104; x_wconf 83' lang='lat' dir='ltr'>inaestimabiles</span> 
     </span>
     <span class='ocr_line' id='line_1_17' title="bbox 49 1126 786 1176; baseline 0 -13"><span class='ocrx_word' id='word_1_155' title='bbox 49 1127 143 1164; x_wconf 88' lang='lat' dir='ltr'>cruciatus.</span> <span class='ocrx_word' id='word_1_156' title='bbox 157 1126 239 1164; x_wconf 90' lang='lat' dir='ltr'>Humiles</span> <span class='ocrx_word' id='word_1_157' title='bbox 253 1136 312 1164; x_wconf 90' lang='lat' dir='ltr'>autem</span> <span class='ocrx_word' id='word_1_158' title='bbox 326 1128 343 1164; x_wconf 92' lang='lat' dir='ltr'>in</span> <span class='ocrx_word' id='word_1_159' title='bbox 358 1128 544 1176; x_wconf 24' lang='lat' dir='ltr'>perpetuum-vivent,</span> <span class='ocrx_word' id='word_1_160' title='bbox 556 1136 573 1165; x_wconf 96' lang='lat' dir='ltr'>et</span> <span class='ocrx_word' id='word_1_161' title='bbox 586 1127 632 1175; x_wconf 89' lang='lat' dir='ltr'>apud</span> <span class='ocrx_word' id='word_1_162' title='bbox 645 1127 745 1164; x_wconf 85' lang='lat' dir='ltr'>Dominum</span> <span class='ocrx_word' id='word_1_163' title='bbox 760 1137 786 1163; x_wconf 92' lang='lat' dir='ltr'>est</span> 
     </span>
     <span class='ocr_line' id='line_1_18' title="bbox 48 1185 785 1236; baseline 0 -14"><span class='ocrx_word' id='word_1_164' title='bbox 48 1198 118 1223; x_wconf 85' lang='lat' dir='ltr'>merces</span> <span class='ocrx_word' id='word_1_165' title='bbox 131 1198 201 1232; x_wconf 88' lang='lat' dir='ltr'>eorum,</span> <span class='ocrx_word' id='word_1_166' title='bbox 211 1194 228 1222; x_wconf 95' lang='lat' dir='ltr'>et</span> <span class='ocrx_word' id='word_1_167' title='bbox 240 1186 325 1236; x_wconf 85' lang='lat' dir='ltr'>cogitatio</span> <span class='ocrx_word' id='word_1_168' title='bbox 339 1186 412 1224; x_wconf 87' lang='lat' dir='ltr'>illorum</span> <span class='ocrx_word' id='word_1_169' title='bbox 426 1186 472 1235; x_wconf 86' lang='lat' dir='ltr'>apud</span> <span class='ocrx_word' id='word_1_170' title='bbox 482 1186 600 1223; x_wconf 86' lang='lat' dir='ltr'>Altissimum.</span> <span class='ocrx_word' id='word_1_171' title='bbox 609 1186 663 1230; x_wconf 82' lang='lat' dir='ltr'>Haec,</span> <span class='ocrx_word' id='word_1_172' title='bbox 673 1185 735 1223; x_wconf 84' lang='lat' dir='ltr'>fratres</span> <span class='ocrx_word' id='word_1_173' title='bbox 745 1187 785 1230; x_wconf 85' lang='lat' dir='ltr'>mei,</span> 
     </span>
     <span class='ocr_line' id='line_1_19' title="bbox 48 1236 785 1295; baseline 0.001 -14"><span class='ocrx_word' id='word_1_174' title='bbox 48 1247 120 1294; x_wconf 90' lang='lat' dir='ltr'>semper</span> <span class='ocrx_word' id='word_1_175' title='bbox 135 1246 265 1294; x_wconf 81' lang='lat' dir='ltr'>praecogitate3</span> <span class='ocrx_word' id='word_1_176' title='bbox 280 1236 500 1294; x_wconf 86' lang='lat' dir='ltr'>quoniaminduhitanter</span> <span class='ocrx_word' id='word_1_177' title='bbox 513 1246 537 1282; x_wconf 90' lang='lat' dir='ltr'>ita</span> <span class='ocrx_word' id='word_1_178' title='bbox 551 1244 610 1283; x_wconf 85' lang='lat' dir='ltr'>futura</span> <span class='ocrx_word' id='word_1_179' title='bbox 625 1256 675 1292; x_wconf 86' lang='lat' dir='ltr'>sunt,</span> <span class='ocrx_word' id='word_1_180' title='bbox 688 1250 785 1295; x_wconf 83' lang='lat' dir='ltr'>veramque</span> 
     </span>
     <span class='ocr_line' id='line_1_20' title="bbox 48 1304 785 1354; baseline -0.003 -12"><span class='ocrx_word' id='word_1_181' title='bbox 48 1314 144 1353; x_wconf 85' lang='lat' dir='ltr'>propterea</span> <span class='ocrx_word' id='word_1_182' title='bbox 161 1304 224 1342; x_wconf 81' lang='lat' dir='ltr'>inentis</span> <span class='ocrx_word' id='word_1_183' title='bbox 238 1304 359 1342; x_wconf 89' lang='lat' dir='ltr'>humilitatem</span> <span class='ocrx_word' id='word_1_184' title='bbox 377 1306 470 1352; x_wconf 77' lang='lat' dir='ltr'>assumite3</span> <span class='ocrx_word' id='word_1_185' title='bbox 484 1314 576 1354; x_wconf 90' lang='lat' dir='ltr'>peccatum</span> <span class='ocrx_word' id='word_1_186' title='bbox 590 1317 643 1341; x_wconf 92' lang='lat' dir='ltr'>omne</span> <span class='ocrx_word' id='word_1_187' title='bbox 661 1305 728 1353; x_wconf 83' lang='lat' dir='ltr'>fugite3</span> <span class='ocrx_word' id='word_1_188' title='bbox 743 1317 785 1341; x_wconf 87' lang='lat' dir='ltr'>con-</span> 
     </span>
     <span class='ocr_line' id='line_1_21' title="bbox 48 1361 788 1414; baseline 0.003 -15"><span class='ocrx_word' id='word_1_189' title='bbox 48 1364 141 1400; x_wconf 86' lang='lat' dir='ltr'>scientiam</span> <span class='ocrx_word' id='word_1_190' title='bbox 154 1376 217 1412; x_wconf 89' lang='lat' dir='ltr'>puram</span> <span class='ocrx_word' id='word_1_191' title='bbox 232 1374 346 1412; x_wconf 89' lang='lat' dir='ltr'>conservate,</span> <span class='ocrx_word' id='word_1_192' title='bbox 361 1376 447 1413; x_wconf 84' lang='lat' dir='ltr'>quatenus</span> <span class='ocrx_word' id='word_1_193' title='bbox 465 1376 545 1402; x_wconf 86' lang='lat' dir='ltr'>aeternae</span> <span class='ocrx_word' id='word_1_194' title='bbox 564 1365 641 1414; x_wconf 85' lang='lat' dir='ltr'>praemia</span> <span class='ocrx_word' id='word_1_195' title='bbox 654 1366 702 1401; x_wconf 88' lang='lat' dir='ltr'>vitae</span> <span class='ocrx_word' id='word_1_196' title='bbox 717 1361 788 1401; x_wconf 65' lang='lat' dir='ltr'>merea-¹</span> 
     </span>
     <span class='ocr_line' id='line_1_22' title="bbox 48 1415 269 1477; baseline 0.005 -18"><span class='ocrx_word' id='word_1_197' title='bbox 48 1424 93 1459; x_wconf 83' lang='lat' dir='ltr'>mim</span> <span class='ocrx_word' id='word_1_198' title='bbox 106 1415 191 1477; x_wconf 85' lang='lat' dir='ltr'>obtinere.</span> <span class='ocrx_word' id='word_1_199' title='bbox 205 1424 269 1460; x_wconf 87' lang='lat' dir='ltr'>Amen.</span> 
     </span>
    </p>
   </div>
   <div class='ocr_carea' id='block_1_3' title="bbox 198 1552 631 1582">
    <p class='ocr_par' dir='ltr' id='par_1_4' title="bbox 198 1552 631 1582">
     <span class='ocr_line' id='line_1_23' title="bbox 198 1552 631 1582; baseline 0 0"><span class='ocrx_word' id='word_1_200' title='bbox 198 1553 225 1581; x_wconf 85' lang='lat' dir='ltr'>De</span> <span class='ocrx_word' id='word_1_201' title='bbox 234 1553 348 1582; x_wconf 67' lang='lat' dir='ltr'>anoaaacaorum</span> <span class='ocrx_word' id='word_1_202' title='bbox 358 1552 444 1582; x_wconf 75' lang='lat' dir='ltr'>obedientia</span> <span class='ocrx_word' id='word_1_203' title='bbox 454 1561 497 1582; x_wconf 44' lang='lat' dir='ltr'>vera,</span> <span class='ocrx_word' id='word_1_204' title='bbox 509 1552 582 1582; x_wconf 81' lang='lat' dir='ltr'>Homila&#39;a</span> <span class='ocrx_word' id='word_1_205' title='bbox 593 1553 631 1582; x_wconf 81' lang='lat' dir='ltr'>XX.</span> 
     </span>
    </p>
   </div>
   <div class='ocr_carea' id='block_1_4' title="bbox 43 1653 893 2662">
    <p class='ocr_par' dir='ltr' id='par_1_5' title="bbox 43 1653 893 2662">
     <span class='ocr_line' id='line_1_24' title="bbox 50 1653 893 1756; baseline 0.001 -59"><span class='ocrx_word' id='word_1_206' title='bbox 50 1666 189 1756; x_wconf 82' lang='lat' dir='ltr'>Hunnnas</span> <span class='ocrx_word' id='word_1_207' title='bbox 207 1660 343 1704; x_wconf 86' lang='lat' dir='ltr'>monachorum,</span> <span class='ocrx_word' id='word_1_208' title='bbox 357 1661 372 1697; x_wconf 90' lang='lat' dir='ltr'>si</span> <span class='ocrx_word' id='word_1_209' title='bbox 385 1674 432 1708; x_wconf 86' lang='lat' dir='ltr'>vera,</span> <span class='ocrx_word' id='word_1_210' title='bbox 446 1666 463 1698; x_wconf 83' lang='lat' dir='ltr'>et</span> <span class='ocrx_word' id='word_1_211' title='bbox 475 1660 553 1710; x_wconf 82' lang='lat' dir='ltr'>perfecta</span> <span class='ocrx_word' id='word_1_212' title='bbox 569 1655 626 1708; x_wconf 78' lang='lat' dir='ltr'>lue&#39;rit,</span> <span class='ocrx_word' id='word_1_213' title='bbox 640 1674 713 1699; x_wconf 90' lang='lat' dir='ltr'>omnem</span> <span class='ocrx_word' id='word_1_214' title='bbox 724 1653 784 1711; x_wconf 86' lang='lat' dir='ltr'>pleni·</span> <span class='ocrx_word' id='word_1_215' title='bbox 837 1663 893 1724; x_wconf 41' lang='lat' dir='ltr'>{liupil-</span> 
     </span>
     <span class='ocr_line' id='line_1_25' title="bbox 111 1705 893 1770; baseline 0.003 -13"><span class='ocrx_word' id='word_1_216' title='bbox 111 1718 191 1757; x_wconf 91' lang='lat' dir='ltr'>tudinem</span> <span class='ocrx_word' id='word_1_217' title='bbox 209 1730 309 1758; x_wconf 87' lang='lat' dir='ltr'>sanctarum</span> <span class='ocrx_word' id='word_1_218' title='bbox 323 1722 411 1758; x_wconf 92' lang='lat' dir='ltr'>virtutum</span> <span class='ocrx_word' id='word_1_219' title='bbox 425 1722 476 1770; x_wconf 89' lang='lat' dir='ltr'>parit.</span> <span class='ocrx_word' id='word_1_220' title='bbox 491 1720 545 1765; x_wconf 85' lang='lat' dir='ltr'>Qtrod</span> <span class='ocrx_word' id='word_1_221' title='bbox 559 1721 573 1757; x_wconf 94' lang='lat' dir='ltr'>si</span> <span class='ocrx_word' id='word_1_222' title='bbox 587 1721 674 1758; x_wconf 85' lang='lat' dir='ltr'>virtutum</span> <span class='ocrx_word' id='word_1_223' title='bbox 687 1721 783 1769; x_wconf 88' lang='lat' dir='ltr'>splendore</span> <span class='ocrx_word' id='word_1_224' title='bbox 804 1705 893 1759; x_wconf 52' lang='lat' dir='ltr'>ilasehhalll&#39;</span> 
     </span>
     <span class='ocr_line' id='line_1_26' title="bbox 47 1779 783 1829; baseline 0.001 -13"><span class='ocrx_word' id='word_1_225' title='bbox 47 1782 128 1825; x_wconf 84' lang='lat' dir='ltr'>caruerit,</span> <span class='ocrx_word' id='word_1_226' title='bbox 143 1793 185 1817; x_wconf 87' lang='lat' dir='ltr'>vera</span> <span class='ocrx_word' id='word_1_227' title='bbox 197 1780 214 1816; x_wconf 92' lang='lat' dir='ltr'>in</span> <span class='ocrx_word' id='word_1_228' title='bbox 229 1789 288 1817; x_wconf 91' lang='lat' dir='ltr'>mente</span> <span class='ocrx_word' id='word_1_229' title='bbox 302 1779 394 1817; x_wconf 85' lang='lat' dir='ltr'>humilitas</span> <span class='ocrx_word' id='word_1_230' title='bbox 408 1793 499 1829; x_wconf 89' lang='lat' dir='ltr'>nunquam</span> <span class='ocrx_word' id='word_1_231' title='bbox 512 1780 551 1817; x_wconf 85' lang='lat' dir='ltr'>fuit.</span> <span class='ocrx_word' id='word_1_232' title='bbox 565 1780 660 1829; x_wconf 82' lang='lat' dir='ltr'>inprimis</span> <span class='ocrx_word' id='word_1_233' title='bbox 675 1782 740 1817; x_wconf 88' lang='lat' dir='ltr'>etenim</span> <span class='ocrx_word' id='word_1_234' title='bbox 755 1793 783 1817; x_wconf 82' lang='lat' dir='ltr'>ve-</span> 
     </span>
     <span class='ocr_line' id='line_1_27' title="bbox 46 1839 783 1889; baseline 0.001 -13"><span class='ocrx_word' id='word_1_235' title='bbox 46 1852 84 1877; x_wconf 88' lang='lat' dir='ltr'>ram</span> <span class='ocrx_word' id='word_1_236' title='bbox 98 1841 144 1889; x_wconf 85' lang='lat' dir='ltr'>parit</span> <span class='ocrx_word' id='word_1_237' title='bbox 157 1839 283 1884; x_wconf 85' lang='lat' dir='ltr'>obedientiam,</span> <span class='ocrx_word' id='word_1_238' title='bbox 295 1849 311 1876; x_wconf 90' lang='lat' dir='ltr'>et</span> <span class='ocrx_word' id='word_1_239' title='bbox 325 1839 431 1889; x_wconf 87' lang='lat' dir='ltr'>profundam</span> <span class='ocrx_word' id='word_1_240' title='bbox 445 1840 463 1876; x_wconf 95' lang='lat' dir='ltr'>in</span> <span class='ocrx_word' id='word_1_241' title='bbox 477 1841 545 1876; x_wconf 91' lang='lat' dir='ltr'>cunctis</span> <span class='ocrx_word' id='word_1_242' title='bbox 558 1853 591 1889; x_wconf 93' lang='lat' dir='ltr'>pro</span> <span class='ocrx_word' id='word_1_243' title='bbox 604 1840 638 1876; x_wconf 88' lang='lat' dir='ltr'>Dei</span> <span class='ocrx_word' id='word_1_244' title='bbox 650 1853 711 1877; x_wconf 90' lang='lat' dir='ltr'>amore</span> <span class='ocrx_word' id='word_1_245' title='bbox 725 1840 783 1878; x_wconf 91' lang='lat' dir='ltr'>subie-</span> 
     </span>
     <span class='ocr_line' id='line_1_28' title="bbox 46 1899 783 1948; baseline 0.001 -13"><span class='ocrx_word' id='word_1_246' title='bbox 46 1900 130 1937; x_wconf 87' lang='lat' dir='ltr'>ctionem.</span> <span class='ocrx_word' id='word_1_247' title='bbox 145 1899 244 1936; x_wconf 87' lang='lat' dir='ltr'>Monachus</span> <span class='ocrx_word' id='word_1_248' title='bbox 257 1899 305 1936; x_wconf 90' lang='lat' dir='ltr'>enim</span> <span class='ocrx_word' id='word_1_249' title='bbox 321 1900 405 1948; x_wconf 86' lang='lat' dir='ltr'>quivere</span> <span class='ocrx_word' id='word_1_250' title='bbox 419 1899 491 1936; x_wconf 90' lang='lat' dir='ltr'>humilis</span> <span class='ocrx_word' id='word_1_251' title='bbox 510 1901 632 1948; x_wconf 85' lang='lat' dir='ltr'>peregrinatur</span> <span class='ocrx_word' id='word_1_252' title='bbox 645 1900 664 1936; x_wconf 93' lang='lat' dir='ltr'>in</span> <span class='ocrx_word' id='word_1_253' title='bbox 678 1911 736 1946; x_wconf 88' lang='lat' dir='ltr'>carne,</span> <span class='ocrx_word' id='word_1_254' title='bbox 750 1899 783 1936; x_wconf 89' lang='lat' dir='ltr'>sal-</span> 
     </span>
     <span class='ocr_line' id='line_1_29' title="bbox 46 1952 781 2007; baseline 0.001 -13"><span class='ocrx_word' id='word_1_255' title='bbox 46 1958 112 1995; x_wconf 84' lang='lat' dir='ltr'>vrttoris</span> <span class='ocrx_word' id='word_1_256' title='bbox 126 1958 183 1994; x_wconf 91' lang='lat' dir='ltr'>nostri</span> <span class='ocrx_word' id='word_1_257' title='bbox 192 1958 231 1995; x_wconf 88' lang='lat' dir='ltr'>lesu</span> <span class='ocrx_word' id='word_1_258' title='bbox 241 1957 306 1995; x_wconf 86' lang='lat' dir='ltr'>Christi</span> <span class='ocrx_word' id='word_1_259' title='bbox 320 1952 421 1994; x_wconf 87' lang='lat' dir='ltr'>studiosum</span> <span class='ocrx_word' id='word_1_260' title='bbox 434 1971 453 1994; x_wconf 92' lang='lat' dir='ltr'>se</span> <span class='ocrx_word' id='word_1_261' title='bbox 468 1959 485 1994; x_wconf 88' lang='lat' dir='ltr'>in</span> <span class='ocrx_word' id='word_1_262' title='bbox 495 1957 577 1995; x_wconf 91' lang='lat' dir='ltr'>omnibus</span> <span class='ocrx_word' id='word_1_263' title='bbox 587 1957 659 2007; x_wconf 88' lang='lat' dir='ltr'>praebet</span> <span class='ocrx_word' id='word_1_264' title='bbox 668 1957 781 2007; x_wconf 80' lang='lat' dir='ltr'>discipulum,</span> 
     </span>
     <span class='ocr_line' id='line_1_30' title="bbox 45 2016 782 2065; baseline 0.003 -12"><span class='ocrx_word' id='word_1_265' title='bbox 45 2029 78 2065; x_wconf 89' lang='lat' dir='ltr'>pro</span> <span class='ocrx_word' id='word_1_266' title='bbox 92 2017 142 2053; x_wconf 91' lang='lat' dir='ltr'>cuius</span> <span class='ocrx_word' id='word_1_267' title='bbox 155 2030 217 2054; x_wconf 81' lang='lat' dir='ltr'>aniore</span> <span class='ocrx_word' id='word_1_268' title='bbox 231 2017 280 2054; x_wconf 91' lang='lat' dir='ltr'>omni</span> <span class='ocrx_word' id='word_1_269' title='bbox 294 2016 367 2063; x_wconf 85' lang='lat' dir='ltr'>vilitate,</span> <span class='ocrx_word' id='word_1_270' title='bbox 379 2027 396 2054; x_wconf 92' lang='lat' dir='ltr'>et</span> <span class='ocrx_word' id='word_1_271' title='bbox 409 2018 520 2054; x_wconf 84' lang='lat' dir='ltr'>extremitate</span> <span class='ocrx_word' id='word_1_272' title='bbox 534 2027 635 2065; x_wconf 89' lang='lat' dir='ltr'>contentus,</span> <span class='ocrx_word' id='word_1_273' title='bbox 645 2017 703 2055; x_wconf 89' lang='lat' dir='ltr'>abbati</span> <span class='ocrx_word' id='word_1_274' title='bbox 717 2032 750 2055; x_wconf 92' lang='lat' dir='ltr'>suo</span> <span class='ocrx_word' id='word_1_275' title='bbox 765 2019 782 2055; x_wconf 94' lang='lat' dir='ltr'>in</span> 
     </span>
     <span class='ocr_line' id='line_1_31' title="bbox 46 2074 782 2125; baseline 0.001 -13"><span class='ocrx_word' id='word_1_276' title='bbox 46 2077 113 2113; x_wconf 86' lang='lat' dir='ltr'>cunctis</span> <span class='ocrx_word' id='word_1_277' title='bbox 127 2075 212 2112; x_wconf 91' lang='lat' dir='ltr'>obediens</span> <span class='ocrx_word' id='word_1_278' title='bbox 226 2088 244 2112; x_wconf 91' lang='lat' dir='ltr'>se</span> <span class='ocrx_word' id='word_1_279' title='bbox 257 2075 343 2124; x_wconf 87' lang='lat' dir='ltr'>gloriatur·</span> <span class='ocrx_word' id='word_1_280' title='bbox 357 2074 461 2112; x_wconf 84' lang='lat' dir='ltr'>subiectum.</span> <span class='ocrx_word' id='word_1_281' title='bbox 474 2076 539 2125; x_wconf 83' lang='lat' dir='ltr'>Magna</span> <span class='ocrx_word' id='word_1_282' title='bbox 552 2078 609 2113; x_wconf 89' lang='lat' dir='ltr'>virtus</span> <span class='ocrx_word' id='word_1_283' title='bbox 623 2087 649 2113; x_wconf 86' lang='lat' dir='ltr'>est</span> <span class='ocrx_word' id='word_1_284' title='bbox 662 2077 736 2114; x_wconf 86' lang='lat' dir='ltr'>humilis</span> <span class='ocrx_word' id='word_1_285' title='bbox 749 2089 782 2125; x_wconf 92' lang='lat' dir='ltr'>pro</span> 
     </span>
     <span class='ocr_line' id='line_1_32' title="bbox 45 2135 781 2184; baseline 0 -13"><span class='ocrx_word' id='word_1_286' title='bbox 45 2135 118 2172; x_wconf 86' lang='lat' dir='ltr'>Christo</span> <span class='ocrx_word' id='word_1_287' title='bbox 132 2147 194 2172; x_wconf 84' lang='lat' dir='ltr'>amore</span> <span class='ocrx_word' id='word_1_288' title='bbox 208 2135 319 2181; x_wconf 85' lang='lat' dir='ltr'>obedientia,</span> <span class='ocrx_word' id='word_1_289' title='bbox 334 2147 379 2184; x_wconf 84' lang='lat' dir='ltr'>quae</span> <span class='ocrx_word' id='word_1_290' title='bbox 394 2135 483 2172; x_wconf 88' lang='lat' dir='ltr'>monacho</span> <span class='ocrx_word' id='word_1_291' title='bbox 498 2135 568 2173; x_wconf 89' lang='lat' dir='ltr'>coelum</span> <span class='ocrx_word' id='word_1_292' title='bbox 582 2136 647 2184; x_wconf 84' lang='lat' dir='ltr'>aperit,</span> <span class='ocrx_word' id='word_1_293' title='bbox 662 2146 678 2173; x_wconf 94' lang='lat' dir='ltr'>et</span> <span class='ocrx_word' id='word_1_294' title='bbox 691 2136 781 2173; x_wconf 87' lang='lat' dir='ltr'>infernum</span> 
     </span>
     <span class='ocr_line' id='line_1_33' title="bbox 44 2194 782 2244; baseline 0.001 -13"><span class='ocrx_word' id='word_1_295' title='bbox 44 2208 75 2232; x_wconf 88' lang='lat' dir='ltr'>sua</span> <span class='ocrx_word' id='word_1_296' title='bbox 85 2195 192 2233; x_wconf 76' lang='lat' dir='ltr'>fortitudine</span> <span class='ocrx_word' id='word_1_297' title='bbox 206 2195 277 2233; x_wconf 86' lang='lat' dir='ltr'>claudit.</span> <span class='ocrx_word' id='word_1_298' title='bbox 287 2194 393 2233; x_wconf 87' lang='lat' dir='ltr'>Obedientia</span> <span class='ocrx_word' id='word_1_299' title='bbox 402 2196 449 2232; x_wconf 89' lang='lat' dir='ltr'>viam</span> <span class='ocrx_word' id='word_1_300' title='bbox 459 2196 534 2243; x_wconf 88' lang='lat' dir='ltr'>paradisi</span> <span class='ocrx_word' id='word_1_301' title='bbox 549 2205 624 2244; x_wconf 87' lang='lat' dir='ltr'>reparat,</span> <span class='ocrx_word' id='word_1_302' title='bbox 634 2205 651 2232; x_wconf 93' lang='lat' dir='ltr'>et</span> <span class='ocrx_word' id='word_1_303' title='bbox 661 2209 722 2244; x_wconf 85' lang='lat' dir='ltr'>pacem</span> <span class='ocrx_word' id='word_1_304' title='bbox 736 2197 782 2233; x_wconf 92' lang='lat' dir='ltr'>inter</span> 
     </span>
     <span class='ocr_line' id='line_1_34' title="bbox 44 2254 781 2300; baseline 0.005 -10"><span class='ocrx_word' id='word_1_305' title='bbox 44 2255 111 2300; x_wconf 86' lang='lat' dir='ltr'>Deum,</span> <span class='ocrx_word' id='word_1_306' title='bbox 122 2264 140 2291; x_wconf 93' lang='lat' dir='ltr'>et</span> <span class='ocrx_word' id='word_1_307' title='bbox 148 2254 242 2292; x_wconf 89' lang='lat' dir='ltr'>hominem</span> <span class='ocrx_word' id='word_1_308' title='bbox 252 2254 343 2292; x_wconf 86' lang='lat' dir='ltr'>reformat.</span> <span class='ocrx_word' id='word_1_309' title='bbox 353 2255 402 2292; x_wconf 88' lang='lat' dir='ltr'>Haec</span> <span class='ocrx_word' id='word_1_310' title='bbox 415 2264 475 2291; x_wconf 87' lang='lat' dir='ltr'>autem</span> <span class='ocrx_word' id='word_1_311' title='bbox 489 2266 515 2292; x_wconf 85' lang='lat' dir='ltr'>est</span> <span class='ocrx_word' id='word_1_312' title='bbox 525 2254 625 2292; x_wconf 87' lang='lat' dir='ltr'>obedientia</span> <span class='ocrx_word' id='word_1_313' title='bbox 639 2256 722 2293; x_wconf 89' lang='lat' dir='ltr'>monachi</span> <span class='ocrx_word' id='word_1_314' title='bbox 731 2268 781 2294; x_wconf 86' lang='lat' dir='ltr'>vera:</span> 
     </span>
     <span class='ocr_line' id='line_1_35' title="bbox 44 2313 781 2364; baseline 0.003 -14"><span class='ocrx_word' id='word_1_315' title='bbox 44 2327 89 2362; x_wconf 87' lang='lat' dir='ltr'>quae</span> <span class='ocrx_word' id='word_1_316' title='bbox 102 2327 138 2351; x_wconf 92' lang='lat' dir='ltr'>non</span> <span class='ocrx_word' id='word_1_317' title='bbox 152 2314 213 2352; x_wconf 83' lang='lat' dir='ltr'>servili</span> <span class='ocrx_word' id='word_1_318' title='bbox 222 2324 278 2360; x_wconf 84' lang='lat' dir='ltr'>metu,</span> <span class='ocrx_word' id='word_1_319' title='bbox 288 2313 319 2351; x_wconf 91' lang='lat' dir='ltr'>sed</span> <span class='ocrx_word' id='word_1_320' title='bbox 332 2315 412 2352; x_wconf 88' lang='lat' dir='ltr'>internae</span> <span class='ocrx_word' id='word_1_321' title='bbox 424 2314 513 2351; x_wconf 90' lang='lat' dir='ltr'>charitatis</span> <span class='ocrx_word' id='word_1_322' title='bbox 527 2314 590 2351; x_wconf 83' lang='lat' dir='ltr'>affectu</span> <span class='ocrx_word' id='word_1_323' title='bbox 600 2314 686 2352; x_wconf 89' lang='lat' dir='ltr'>mandatis</span> <span class='ocrx_word' id='word_1_324' title='bbox 700 2316 781 2364; x_wconf 90' lang='lat' dir='ltr'>superio-</span> 
     </span>
     <span class='ocr_line' id='line_1_36' title="bbox 44 2372 780 2423; baseline 0.003 -14"><span class='ocrx_word' id='word_1_325' title='bbox 44 2386 84 2409; x_wconf 85' lang='lat' dir='ltr'>rum</span> <span class='ocrx_word' id='word_1_326' title='bbox 98 2372 216 2420; x_wconf 88' lang='lat' dir='ltr'>impenditur:</span> <span class='ocrx_word' id='word_1_327' title='bbox 232 2386 280 2422; x_wconf 87' lang='lat' dir='ltr'>quae·</span> <span class='ocrx_word' id='word_1_328' title='bbox 290 2386 327 2410; x_wconf 90' lang='lat' dir='ltr'>non</span> <span class='ocrx_word' id='word_1_329' title='bbox 340 2375 405 2410; x_wconf 92' lang='lat' dir='ltr'>timore</span> <span class='ocrx_word' id='word_1_330' title='bbox 419 2386 496 2422; x_wconf 88' lang='lat' dir='ltr'>poenae,</span> <span class='ocrx_word' id='word_1_331' title='bbox 510 2372 540 2409; x_wconf 88' lang='lat' dir='ltr'>scd</span> <span class='ocrx_word' id='word_1_332' title='bbox 554 2386 615 2412; x_wconf 91' lang='lat' dir='ltr'>amore</span> <span class='ocrx_word' id='word_1_333' title='bbox 633 2374 710 2410; x_wconf 87' lang='lat' dir='ltr'>iustitiae</span> <span class='ocrx_word' id='word_1_334' title='bbox 724 2387 780 2423; x_wconf 86' lang='lat' dir='ltr'>usque</span> 
     </span>
     <span class='ocr_line' id='line_1_37' title="bbox 44 2432 890 2484; baseline -0.001 -15"><span class='ocrx_word' id='word_1_335' title='bbox 44 2432 66 2469; x_wconf 91' lang='lat' dir='ltr'>ad</span> <span class='ocrx_word' id='word_1_336' title='bbox 79 2442 156 2470; x_wconf 87' lang='lat' dir='ltr'>mortem</span> <span class='ocrx_word' id='word_1_337' title='bbox 170 2445 285 2481; x_wconf 87' lang='lat' dir='ltr'>perseverans</span> <span class='ocrx_word' id='word_1_338' title='bbox 300 2434 317 2469; x_wconf 93' lang='lat' dir='ltr'>in</span> <span class='ocrx_word' id='word_1_339' title='bbox 326 2432 414 2470; x_wconf 87' lang='lat' dir='ltr'>hilaritate</span> <span class='ocrx_word' id='word_1_340' title='bbox 428 2433 492 2470; x_wconf 86' lang='lat' dir='ltr'>mentis</span> <span class='ocrx_word' id='word_1_341' title='bbox 502 2432 570 2470; x_wconf 89' lang='lat' dir='ltr'>bonum</span> <span class='ocrx_word' id='word_1_342' title='bbox 581 2443 669 2481; x_wconf 88' lang='lat' dir='ltr'>operatur.</span> <span class='ocrx_word' id='word_1_343' title='bbox 680 2433 730 2470; x_wconf 84' lang='lat' dir='ltr'>Duae</span> <span class='ocrx_word' id='word_1_344' title='bbox 740 2444 781 2470; x_wconf 89' lang='lat' dir='ltr'>sunt</span> <span class='ocrx_word' id='word_1_345' title='bbox 820 2443 890 2484; x_wconf 70' lang='lat' dir='ltr'>nunnitus</span> 
     </span>
     <span class='ocr_line' id='line_1_38' title="bbox 43 2478 890 2543; baseline 0.002 -14"><span class='ocrx_word' id='word_1_346' title='bbox 43 2492 81 2530; x_wconf 86' lang='lat' dir='ltr'>alae</span> <span class='ocrx_word' id='word_1_347' title='bbox 94 2493 159 2529; x_wconf 89' lang='lat' dir='ltr'>mentis</span> <span class='ocrx_word' id='word_1_348' title='bbox 173 2492 302 2541; x_wconf 88' lang='lat' dir='ltr'>pulcherrimae</span> <span class='ocrx_word' id='word_1_349' title='bbox 320 2493 383 2543; x_wconf 89' lang='lat' dir='ltr'>quihus</span> <span class='ocrx_word' id='word_1_350' title='bbox 397 2506 406 2530; x_wconf 88' lang='lat' dir='ltr'>a</span> <span class='ocrx_word' id='word_1_351' title='bbox 421 2505 467 2530; x_wconf 84' lang='lat' dir='ltr'>terra</span> <span class='ocrx_word' id='word_1_352' title='bbox 482 2493 580 2530; x_wconf 84' lang='lat' dir='ltr'>monachus</span> <span class='ocrx_word' id='word_1_353' title='bbox 594 2493 612 2529; x_wconf 91' lang='lat' dir='ltr'>in</span> <span class='ocrx_word' id='word_1_354' title='bbox 628 2493 699 2530; x_wconf 91' lang='lat' dir='ltr'>coelum</span> <span class='ocrx_word' id='word_1_355' title='bbox 713 2495 780 2532; x_wconf 84' lang='lat' dir='ltr'>evolat:</span> <span class='ocrx_word' id='word_1_356' title='bbox 803 2478 890 2539; x_wconf 50' lang='lat' dir='ltr'>finiigffi</span> 
     </span>
     <span class='ocr_line' id='line_1_39' title="bbox 43 2548 890 2609; baseline 0.002 -21"><span class='ocrx_word' id='word_1_357' title='bbox 43 2564 119 2600; x_wconf 80' lang='lat' dir='ltr'>qtutrum</span> <span class='ocrx_word' id='word_1_358' title='bbox 134 2551 189 2588; x_wconf 86' lang='lat' dir='ltr'>altera</span> <span class='ocrx_word' id='word_1_359' title='bbox 204 2552 297 2589; x_wconf 86' lang='lat' dir='ltr'>humilitas</span> <span class='ocrx_word' id='word_1_360' title='bbox 316 2552 390 2589; x_wconf 87' lang='lat' dir='ltr'>dicitur:</span> <span class='ocrx_word' id='word_1_361' title='bbox 406 2553 460 2589; x_wconf 88' lang='lat' dir='ltr'>altera</span> <span class='ocrx_word' id='word_1_362' title='bbox 477 2551 591 2589; x_wconf 86' lang='lat' dir='ltr'>subiectionis</span> <span class='ocrx_word' id='word_1_363' title='bbox 608 2551 708 2590; x_wconf 88' lang='lat' dir='ltr'>obedientia</span> <span class='ocrx_word' id='word_1_364' title='bbox 722 2554 781 2591; x_wconf 91' lang='lat' dir='ltr'>nomi-</span> <span class='ocrx_word' id='word_1_365' title='bbox 802 2548 890 2609; x_wconf 48' lang='lat' dir='ltr'>{llllffigluffil‘</span> 
     </span>
     <span class='ocr_line' id='line_1_40' title="bbox 43 2611 780 2662; baseline 0.004 -15"><span class='ocrx_word' id='word_1_366' title='bbox 43 2621 100 2662; x_wconf 84' lang='lat' dir='ltr'>natm.</span> <span class='ocrx_word' id='word_1_367' title='bbox 110 2611 215 2657; x_wconf 84' lang='lat' dir='ltr'>Monachus,</span> <span class='ocrx_word' id='word_1_368' title='bbox 225 2612 291 2660; x_wconf 84' lang='lat' dir='ltr'>quibis</span> <span class='ocrx_word' id='word_1_369' title='bbox 305 2611 337 2650; x_wconf 89' lang='lat' dir='ltr'>alis</span> <span class='ocrx_word' id='word_1_370' title='bbox 351 2622 423 2648; x_wconf 90' lang='lat' dir='ltr'>ornatus</span> <span class='ocrx_word' id='word_1_371' title='bbox 436 2624 473 2648; x_wconf 90' lang='lat' dir='ltr'>non</span> <span class='ocrx_word' id='word_1_372' title='bbox 486 2611 545 2658; x_wconf 82' lang='lat' dir='ltr'>fuerit,</span> <span class='ocrx_word' id='word_1_373' title='bbox 555 2621 572 2649; x_wconf 92' lang='lat' dir='ltr'>et</span> <span class='ocrx_word' id='word_1_374' title='bbox 586 2624 657 2656; x_wconf 90' lang='lat' dir='ltr'>nomen,</span> <span class='ocrx_word' id='word_1_375' title='bbox 667 2621 685 2650; x_wconf 83' lang='lat' dir='ltr'>et</span> <span class='ocrx_word' id='word_1_376' title='bbox 694 2614 780 2651; x_wconf 87' lang='lat' dir='ltr'>meritum</span> 
     </span>
    </p>
   </div>
   <div class='ocr_carea' id='block_1_5' title="bbox 22 2670 780 2720">
    <p class='ocr_par' dir='ltr' id='par_1_6' title="bbox 22 2670 780 2720">
     <span class='ocr_line' id='line_1_41' title="bbox 22 2670 780 2720; baseline 0.007 -16"><span class='ocrx_word' id='word_1_377' title='bbox 22 2701 24 2704; x_wconf 88' lang='lat'>.</span> <span class='ocrx_word' id='word_1_378' title='bbox 42 2683 84 2719; x_wconf 85' lang='lat' dir='ltr'>suae</span> <span class='ocrx_word' id='word_1_379' title='bbox 98 2670 189 2719; x_wconf 87' lang='lat' dir='ltr'>dignitatis</span> <span class='ocrx_word' id='word_1_380' title='bbox 203 2672 273 2718; x_wconf 89' lang='lat' dir='ltr'>penitus</span> <span class='ocrx_word' id='word_1_381' title='bbox 288 2671 351 2709; x_wconf 74' lang='lat' dir='ltr'>amisit,</span> <span class='ocrx_word' id='word_1_382' title='bbox 361 2671 399 2708; x_wconf 85' lang='lat' dir='ltr'>Nec</span> <span class='ocrx_word' id='word_1_383' title='bbox 410 2671 509 2708; x_wconf 86' lang='lat' dir='ltr'>monachus</span> <span class='ocrx_word' id='word_1_384' title='bbox 523 2682 548 2708; x_wconf 91' lang='lat' dir='ltr'>est</span> <span class='ocrx_word' id='word_1_385' title='bbox 558 2671 649 2718; x_wconf 85' lang='lat' dir='ltr'>dicendus,</span> <span class='ocrx_word' id='word_1_386' title='bbox 658 2672 688 2710; x_wconf 89' lang='lat' dir='ltr'>sed</span> <span class='ocrx_word' id='word_1_387' title='bbox 698 2673 780 2720; x_wconf 79' lang='lat' dir='ltr'>mendax,</span> 
     </span>
    </p>
   </div>
   <div class='ocr_carea' id='block_1_6' title="bbox 0 0 988 3023">
    <p class='ocr_par' dir='ltr' id='par_1_7' title="bbox 0 0 988 3023">
     <span class='ocr_line' id='line_1_42' title="bbox 0 0 988 3023; baseline 0 3"><span class='ocrx_word' id='word_1_388' title='bbox 0 0 988 3023; x_wconf 95' lang='lat' dir='ltr'> </span> 
     </span>
    </p>
   </div>
  </div>
 </body>
</html>
