1968 3023
82 1426 145 1452 inunum

57 1461 70 1486 in
81 1461 146 1488 mcnsli

57 1496 88 1521 mus
106 1504 145 1522 com-

58 1530 145 1557 mundans

57 1565 109 1591 shnunn

82 1619 124 1645 lohel
134 1628 146 1654 y

76 1673 123 1700 Iudith.
132 1682 145 1707 4.

80 1847 145 1873 Tob.rz.

91 2021 121 2046 Luu
132 2020 144 2047 6.

80 2064 144 2091 stmnmm

56 2099 144 2125 monadm-

56 2142 96 2166 ruru,
109 2134 144 2168 quod

56 2170 130 2202 opmnmn?

170 163 205 188 roo
345 150 371 187 Da
384 150 489 194 abstinentia,
503 156 518 186 et
530 150 590 186 iairnra'a
604 150 725 187 trtarracbarnra.

168 229 288 279 delinquentis
300 230 399 267 voluntaria
412 230 501 268 accusatio
515 243 537 267 ex
553 228 682 272 erubescentia,
696 239 713 266 et
726 241 758 277 per
772 228 829 266 claves
847 228 902 266 eccle-

168 290 204 326 siae
224 289 341 327 satisfactoria
362 291 484 339 propeccatis
503 302 544 326 cum
558 287 669 337 obligatione
688 302 720 338 per
733 289 862 337 poenitentiam
876 302 901 333 ea,

168 362 213 398 quae
229 350 308 398 protulit,
327 350 423 400 castigandi
442 351 460 387 in
477 349 583 397 semetipso,
599 349 679 386 iussione
698 339 806 387 Sacerdotis.
824 349 902 398 Oportet

168 419 228 448 :itatem
249 410 381 449 consessionem
401 425 439 449 esse
458 410 564 459 simplicem,
580 409 674 454 hnrrrilem,
688 422 758 458 puram,
771 409 849 457 fidelem,
865 409 902 447 fre-

168 478 260 519 quentem,
274 470 340 507 nudam
354 480 371 507 er
385 480 468 518 apertam,
482 469 584 514 discretam,
599 469 724 513 voluntariam,
739 469 836 519 propriam,
850 481 902 507 vere-

167 529 252 575 cundam,
267 530 361 578 integram,
381 540 474 574 secretam,
494 528 590 577 lachrymis
611 528 689 577 plenam,
707 526 771 564 debitis
791 526 901 576 temporibus

168 588 239 633 saetam,
253 589 325 634 fortem,
345 598 361 625 et
375 589 452 637 seipsum
471 600 491 624 ex
505 588 565 624 animo
583 588 670 625 veraciter
685 598 805 634 accusantem,
819 588 904 636 quoniam

168 648 212 685 haec
226 649 286 685 onmia
295 648 369 697 requirit
382 660 422 684 vera
435 648 550 696 poenitentia,
559 660 605 697 quae
618 647 643 684 sic
657 656 729 697 peccata
742 645 794 683 deflet
803 647 901 696 praeterita,

168 717 187 743 ur
201 706 284 756 deinceps
298 719 334 744 non
348 708 448 744 committat
461 707 536 756 arnplius
550 707 656 755 plangenda.

289 835 315 864 De
325 834 421 868 abstiaeaiia,
432 836 447 864 el
457 835 514 865 ieiaan'a
525 835 642 865 ananachoraaa.
657 835 729 866 [ioanilia
740 836 776 865 XV.

169 951 293 1039 Mannum,
309 952 326 980 et
343 945 461 980 necessarium
479 942 545 981 bonum
564 952 591 980 est
605 944 699 987 monacho,
714 943 776 981 fratres
795 944 900 988 charissimi,

231 1003 336 1041 abstinentia
349 1017 389 1040 curra
403 1004 475 1049 ieiunio,
485 1015 504 1040 ut
517 1015 577 1042 mente
589 1003 673 1041 videlicet
686 1017 723 1042 non
732 1003 823 1053 delinquat
832 1005 850 1041 in
860 1017 901 1041 con-

167 1064 276 1114 cupiscentia
284 1065 347 1110 carnis,
355 1074 372 1101 et
378 1063 516 1113 cogitationibus
525 1064 583 1112 malis,
591 1074 608 1101 et
616 1077 692 1113 corpore
701 1064 787 1101 abstineat
796 1064 817 1101 ab
825 1065 874 1108 escis,
885 1074 901 1101 et

167 1123 239 1173 potibus
248 1123 338 1160 lasciviam
348 1124 402 1160 animi
409 1123 539 1175 generantibus.
550 1125 591 1162 Cito
601 1125 650 1162 enirn
660 1124 804 1173 concupiscentia
813 1126 878 1161 mentis
886 1125 903 1160 in

167 1182 259 1220 libidinem
269 1182 376 1229 accenditur,
386 1183 400 1219 si
410 1195 474 1231 corpus
487 1184 540 1219 nimis
549 1193 630 1220 accurate
644 1184 741 1229 nutriatur.
749 1183 807 1219 Huius
817 1182 858 1220 boni
872 1184 904 1220 uti-

166 1243 236 1280 litatem
248 1243 344 1279 mammam
360 1242 490 1279 considerantes
504 1243 548 1279 olim
561 1242 670 1279 sanctissimi
682 1242 749 1286 Patres,
764 1242 794 1292 qui
809 1241 901 1279 monachis

167 1303 238 1340 uiuendi
248 1312 342 1351 praecepta
350 1301 464 1346 tradiderunt,
473 1316 507 1339 una
515 1315 576 1340 omnes
586 1303 674 1339 sententia
687 1302 795 1339 ieiuniorum
805 1301 855 1339 nobis
865 1314 901 1338 cer-

166 1372 202 1399 tam
217 1371 296 1399 statuere
305 1373 411 1405 mensuram,
420 1361 452 1398 snb
466 1363 515 1399 cuius
525 1361 648 1399 moderamine
661 1370 729 1398 tantam
742 1374 806 1409 corpus
821 1360 899 1398 ciborum

166 1422 283 1459 relectionem
297 1431 380 1468 sumeret,
394 1432 477 1470 quantam
491 1431 553 1459 natura
568 1421 671 1470 requireret,
685 1434 722 1458 non
735 1429 819 1470 quantam
836 1421 899 1458 intem-

167 1482 223 1530 peries
237 1481 370 1528 concupisceret
381 1480 483 1518 voluntatis.
495 1480 558 1518 Sancta
567 1493 639 1530 quoque
648 1480 737 1528 scriptura
750 1481 836 1517 ieiunium
849 1479 900 1518 nobis

166 1540 290 1588 multipliciter
304 1539 424 1586 commendat,
438 1541 487 1577 cuius
501 1539 554 1577 toties
568 1552 609 1576 eunt
622 1539 674 1576 laude
688 1538 730 1576 facit
744 1540 860 1577 mentionem
870 1540 900 1577 Di-

166 1600 190 1636 cit
204 1600 251 1635 enim
265 1599 354 1636 Dominus
372 1599 420 1635 Deus
434 1611 465 1646 per
478 1612 498 1636 os
515 1599 615 1647 Prophetae
632 1599 660 1634 sui
677 1597 754 1636 Iobelis:
768 1598 900 1648 Conuerrimini

166 1659 187 1696 ad
200 1671 230 1695 me
243 1658 261 1694 in
275 1668 314 1695 toto
329 1657 381 1695 corde
394 1668 461 1704 vestro,
470 1658 488 1694 in
501 1658 573 1702 ieiunio,
588 1657 659 1706 planctu
673 1666 691 1693 et
703 1657 752 1695 fletu.
766 1659 785 1695 In
798 1657 844 1695 libro
857 1672 900 1708 qno-

166 1731 200 1767 que
219 1717 279 1754 iudith
293 1718 318 1754 sic
337 1717 406 1767 legitur.
416 1718 489 1763 Scitote,
499 1719 585 1767 quoniam
599 1717 681 1755 exaudiet
694 1717 784 1754 Dominus
797 1730 857 1765 preces
871 1730 900 1754 ve-

165 1786 218 1823 stras,
234 1777 249 1814 si
266 1787 358 1813 manentes
374 1777 507 1824 permanseritis
525 1778 543 1813 in
555 1777 639 1821 ieiuniis,
658 1786 675 1813 et
691 1775 802 1813 orationibus
820 1776 837 1812 in
855 1789 899 1813 cou-

165 1845 228 1885 spectu
241 1835 322 1873 Domini.
336 1835 355 1871 In
369 1834 427 1872 Tobia
440 1834 522 1872 similiter
535 1835 618 1885 legimus.
632 1835 682 1872 Bona
696 1846 722 1872 est
736 1835 794 1872 oratio
808 1848 848 1871 cum
857 1835 900 1873 ieiu-

166 1897 202 1938 nio,
217 1905 233 1932 et
249 1895 364 1943 eleemosyna
382 1896 437 1943 nragis
452 1908 505 1944 quam
521 1894 614 1932 thesauros
632 1897 671 1932 auri
688 1895 795 1932 recondere:
816 1897 900 1944 quoniam

165 1955 299 2003 eleemosynas
312 1964 371 1991 morte
384 1953 450 1998 liberat,
465 1964 482 1992 et
495 1955 532 2003 ipsa
542 1965 573 1999 est,
588 1967 632 2003 qtrae
646 1964 710 2003 purgat
719 1963 797 2003 peccata.
812 1956 899 1992 Dominus

166 2027 238 2064 quoque
251 2023 313 2051 noster
326 2014 375 2050 Iesus
389 2014 471 2051 Christus
485 2014 502 2051 in
516 2025 577 2052 sancto
591 2014 690 2062 Evangelio
704 2013 747 2051 dixit
761 2015 783 2050 ad
792 2013 899 2063 discipulos:

166 2074 222 2119 Beati,
231 2074 261 2123 qui
270 2086 318 2110 nrtrrc
327 2074 403 2119 esuritis,
411 2075 495 2123 quoniam
505 2073 635 2111 saturabimini.
643 2073 741 2122 Optimum
749 2085 793 2110 uero
802 2074 900 2111 Monachu-

165 2146 205 2171 rum
219 2133 307 2171 ieiunium
321 2141 347 2170 est
361 2132 449 2169 abstinere
462 2146 470 2169 a
485 2132 560 2178 cunctis,
570 2145 616 2182 quae
629 2133 711 2169 animum
724 2132 804 2180 polluere
818 2144 898 2181 possunt,

165 2194 200 2231 hoc
214 2204 241 2230 est
255 2194 338 2230 ociosum
352 2205 388 2229 non
403 2191 483 2240 prolerre
498 2204 607 2238 sermonem,
621 2204 682 2237 uanas,
697 2192 775 2236 inutiles,
789 2206 820 2229 seu
839 2203 898 2241 turpes

164 2252 221 2290 nullas
235 2251 330 2288 admittere
348 2252 474 2301 cogitationes,
488 2251 532 2288 nihil
546 2252 667 2297 committere,
681 2250 730 2300 quod
743 2251 777 2287 Dei
790 2264 826 2289 non
840 2251 900 2289 deceat

164 2323 237 2348 seryum
251 2320 268 2347 et
281 2311 326 2348 nihil
340 2312 428 2358 omittere,
443 2310 491 2359 quod
504 2311 526 2348 ad
539 2311 617 2347 iustitiae
631 2311 708 2358 pertinet
719 2311 899 2348 consummationem.

163 2371 203 2408 Nisi
216 2371 265 2407 enim
280 2383 331 2407 naeus
345 2383 354 2406 a
367 2370 421 2414 vitiis,
434 2379 452 2406 et
466 2371 540 2418 peccatis
554 2370 667 2415 ieiunaverit,
681 2369 779 2417 corporalis
793 2369 899 2407 abstinentia

164 2430 207 2466 nihil
221 2428 242 2466 ad
255 2431 324 2466 anianae
341 2429 421 2478 proficiet
436 2429 518 2467 salutem.
534 2430 581 2467 Hinc
597 2429 648 2466 divus
665 2428 761 2477 Presbyter
776 2430 899 2478 Hieronymus

163 2490 198 2526 ait:
216 2489 328 2526 Abstinentia
346 2500 383 2535 tua,
398 2498 451 2539 atque
467 2490 554 2526 ieiunium
570 2502 591 2526 eo
605 2490 662 2537 magis
680 2489 719 2526 Deo
733 2498 783 2538 grata
802 2499 848 2534 sunt,
864 2502 899 2539 quo

164 2562 205 2585 cum
219 2548 298 2586 moribus
312 2551 376 2586 sanctis
390 2549 493 2595 offerentur,
504 2559 528 2593 ut,
539 2562 583 2598 qrrae
598 2550 615 2586 in
629 2547 668 2585 aliis
681 2557 724 2585 sunt
737 2548 841 2586 umbracula
849 2549 900 2586 vitio-

164 2621 211 2652 rum,
222 2609 240 2644 in
249 2618 266 2645 te
275 2608 317 2645 fiant
327 2619 430 2646 ornamenta
439 2609 531 2646 virtutum.
540 2609 586 2646 Nam
596 2607 639 2658 quid
648 2607 722 2657 prodest
734 2609 822 2645 attenuari
835 2621 899 2657 corpus

164 2666 274 2712 abstinentia,
284 2667 299 2704 si
308 2668 377 2705 animus
390 2667 493 2704 intumescit
502 2666 595 2716 superbia?
605 2676 635 2704 arat
644 2665 688 2716 quid
697 2668 768 2704 virtutis
777 2667 830 2704 habet
838 2668 899 2704 vinnm
