1968 3023
398 223 527 275 HorrriliulsXIi.
806 222 828 271 8'5

94 308 155 351 Deam
169 308 256 354 illesum,
269 308 300 358 qui
310 308 366 357 pascit
380 306 461 343 mortalia
471 318 546 356 corpora
555 315 612 342 vestra
621 306 722 342 necessario
732 304 832 342 alimento?

94 361 159 405 Nonne
168 365 243 404 verbum
252 366 314 404 salutis
324 366 424 403 ministrare
437 364 487 402 vobis
496 378 530 415 ego
540 363 650 414 compellor?
658 364 677 401 Si
686 376 727 400 oves
738 374 829 412 pastorem

94 425 163 477 fugitis,
178 436 277 477 quaesunt
291 439 356 475 pascua
369 425 448 474 spiritus,
459 437 522 473 quaes
535 423 586 461 nobis
600 424 708 473 expectatis?
721 422 758 466 Qui
771 423 829 459 medi-

94 491 135 523 'cum
149 486 195 535 fugit
213 486 304 530 infirmus,
319 486 408 536 propriam
422 484 498 522 ‘alutem
514 483 598 533 despicit,
613 493 630 520 et
643 482 720 519 animam
734 495 785 519 snam
798 495 829 519 vo-

94 546 170 583 luntarie
183 545 254 583 occidit.
271 546 370 583 Monachus
384 558 428 593 ergo
438 543 529 581 ambulans
543 544 560 580 in
573 542 601 579 via
614 537 698 588 malitiae,
708 551 725 578 et
739 541 828 578 declinans

94 619 104 643 a
117 607 185 643 semitis
198 607 283 653 institiae,
297 606 351 644 morti
365 616 391 642 est
404 606 502 655 proximus,
517 614 534 642 et
547 599 596 641 tanto
610 603 666 652 magis
684 604 702 640 in
717 602 828 651 profundum

94 666 180 703 vitiorum
198 665 273 712 labitur,
291 677 358 715 quanto
376 666 435 702 minus
453 664 538 702 iudicium
559 663 664 712 corrigentis
681 672 779 700 reveretur.
796 661 828 699 llle

94 734 155 762 autem
163 737 205 763 vere
214 735 240 762 est
250 723 357 770 monachus,
368 725 398 774 qui
407 723 428 761 ab
436 724 485 761 omni
494 723 586 773 iniquitate
595 720 671 760 custodit
680 723 757 767 animam
769 735 827 766 suam,

95 795 111 821 et
121 784 168 822 nihil
182 784 218 834 agit
237 784 328 833 paenitus,
342 783 390 832 qnod
408 796 461 820 suum
474 783 527 820 vellet
543 783 624 831 ignorare
638 792 735 831 pastorem.
749 782 787 826 Qui
800 795 828 819 oc·

95 842 150 880 cultat
162 844 209 880 viam
219 856 275 887 snam,
285 856 321 880 nou
331 852 357 880 est
367 856 428 891 purus:
444 853 460 879 et
470 843 499 891 qui
509 841 554 890 fugit
562 842 680 890 praesentiam
693 841 764 888 iudicis,
775 852 828 890 auget

94 903 222 952 suspicionem.
241 902 298 947 Quasi
316 902 354 939 ovis
371 903 389 938 in
407 902 478 939 deserto
491 901 594 945 ambulans,
608 914 652 950 qnae
666 915 676 938 a
689 901 732 950 lupo
749 903 828 950 rapitur,

94 961 192 999 monachus
206 960 306 1010 negligens,
321 971 338 998 et
352 962 438 1009 impurus,
450 961 480 1010 qui
494 974 512 997 se
522 974 531 997 a
540 961 602 997 notitia
615 960 702 998 subtrahit
714 961 796 1009 pastoris,
811 972 829 998 et

95 1033 104 1057 a
119 1019 225 1058 demonibus
239 1019 340 1057 devoratur.
355 1020 401 1058 Ovis
414 1019 494 1056 morbida
508 1032 580 1056 currens
594 1020 612 1056 in
625 1020 723 1064 interitum,
737 1030 754 1057 et
767 1033 828 1057 mona-

96 1079 140 1116 chus
149 1077 259 1117 abscondens
273 1092 327 1117 omne
337 1089 437 1128 peccatum,
447 1092 482 1116 non
493 1088 519 1115 est
530 1078 576 1115 salus
586 1091 656 1123 eorum,
671 1080 704 1116 nisi
717 1089 829 1117 revertantur

95 1138 116 1175 ad
130 1138 227 1176 medicum.
240 1138 356 1176 Revertentes
370 1137 391 1174 de
400 1138 428 1174 via
438 1138 521 1175 monachi
534 1137 594 1174 statim
608 1138 647 1186 ipso
659 1138 692 1181 die,
706 1140 754 1175 iuxta
767 1152 829 1176 mona-

853 655 903 683 Probus
908 665 938 684 mo-

848 690 896 717 nachvs
906 692 937 719 nibil

848 725 882 752 celat
898 727 937 754 ubba·
968 726 970 728 ’

849 767 876 787 leni
885 770 928 789 sunm.

95 1198 161 1235 sticum
175 1210 261 1235 canonem
276 1196 351 1234 fratrum
365 1197 446 1234 omnium
456 1196 584 1245 provolvantur
598 1195 728 1247 conspectibus,
743 1209 829 1247 qnatenus
847 1225 849 1227 -

94 1256 222 1307 communibus
236 1255 346 1294 orationibus
364 1256 555 1306 expietur‚2quicquid
565 1257 590 1295 in
607 1257 635 1293 via
653 1270 684 1306 per
700 1257 828 1307 negligentiam

95 1316 210 1366 delinquitur.
225 1315 303 1352 Multum
318 1316 366 1352 enim
379 1314 426 1352 valet
439 1315 461 1353 ad
474 1315 577 1353 diluendum
590 1328 660 1364 peccata
674 1318 775 1354 communis
789 1331 828 1355 ora-

94 1377 120 1413 tio
134 1376 263 1425 plurimorum,
274 1375 288 1411 si
301 1374 355 1411 fuerit
365 1387 405 1411 cum
415 1374 515 1412 devotionis
529 1374 598 1411 fervore
607 1375 677 1423 profusa
686 1376 708 1413 ad
721 1376 828 1415 Dominum.

218 1505 245 1535 De
255 1504 345 1543 quotidiana
354 1506 456 1541 peccatorum
466 1505 561 1547 expiatione.
572 1506 644 1536 Horrrilia
654 1507 705 1537 XIII.

150 1625 218 1651 ununau
232 1614 250 1650 in
259 1613 292 1650 hac
301 1614 337 1650 vita
348 1612 459 1661 corruptibili
469 1626 531 1650 sumus
540 1615 641 1661 constituti,
651 1615 713 1653 fratres
723 1616 828 1662 charissimi,

164 1671 244 1722 quotidie
256 1674 275 1710 in
288 1672 349 1709 multis
363 1672 477 1719 offendimus
490 1683 507 1710 et
520 1673 647 1722 quantumlibet
659 1686 718 1713 sancte
728 1679 828 1714 conversari

94 1732 192 1776 videamur,
207 1743 280 1782 peccato
293 1745 330 1770 non
344 1745 430 1769 caremus.
444 1733 515 1781 Corpus
529 1734 582 1778 eninr,
597 1734 645 1783 quod
658 1737 785 1785 corrumpitur,
799 1751 827 1785 ag-

94 1801 156 1843 gravat
166 1792 250 1838 animam;
259 1803 276 1828 et
283 1791 368 1841 deprimit
376 1801 446 1829 terrena
454 1791 558 1829 inhabitatio
567 1806 639 1830 sensum
649 1795 704 1832 multa
712 1796 828 1844 cogitantem.

95 1852 142 1889 Dicit
156 1863 227 1900 nanque
240 1851 335 1900 scriptura:
350 1851 391 1888 Nou
405 1859 431 1887 est
445 1849 501 1888 bomo
514 1851 570 1888 iustus
584 1852 602 1888 in
615 1862 670 1899 terra,
685 1854 715 1902 qui
732 1855 783 1892 faciat
797 1856 827 1892 bo·

94 1923 145 1955 nurn,
160 1919 177 1946 et
190 1922 227 1946 non
240 1920 307 1959 peccet.
317 1910 378 1946 Divus
392 1923 463 1959 quoque
477 1910 584 1959 evangelista
597 1912 680 1951 Ioannes:
694 1914 712 1951 Si
725 1914 828 1963 dixerimus,

849 1742 880 1776 Sap.
889 1750 901 1777 9λ

849 1865 893 1892 Eccles
908 1873 919 1899 7.

850 1923 861 1941 r.
870 1915 907 1941 Ioan.
917 1924 928 1941 1.

95 1970 156 2018 iuquit,
171 1969 257 2019 quoniam
275 1979 368 2019 peccatum
382 1982 418 2006 non
436 1969 526 2014 habemus,
540 1971 573 2018 ipsi
586 1984 619 2008 nos
633 1972 740 2018 seducimus,
755 1985 771 2011 et
785 1976 829 2012 veri·
847 2007 849 2011 .

94 2029 152 2079 tasin
162 2026 214 2065 nobis
222 2041 259 2065 non
269 2037 302 2066 est.
316 2028 431 2066 Commercio
445 2041 509 2078 nempe
519 2031 575 2066 carnis
587 2031 662 2068 niminm
672 2032 758 2070 delectata
768 2046 828 2083 peccat

95 2088 161 2134 aninm,
173 2097 189 2125 et
203 2087 290 2125 fortitudo
304 2088 417 2125 imminuitur
425 2087 549 2137 desperatione
562 2090 640 2137 spiritus.
654 2090 705 2128 Meus
719 2093 765 2129 enim
780 2092 828 2130 obie-

53 2139 55 2144 ἲ
95 2149 154 2186 ctione
167 2147 280 2192 sensibilium
293 2148 385 2198 decipitur,
398 2158 414 2186 et
428 2148 541 2197 delinquendi
554 2144 678 2197 promptitudo
691 2150 745 2202 longa
754 2165 828 2190 consue-

95 2206 157 2245 tudine
166 2206 267 2246 roboratur.
281 2207 376 2244 infirmitas
387 2208 450 2253 carnis,
463 2207 553 2244 fervorem
563 2209 634 2257 spiritus
645 2209 730 2258 debilitat,
741 2220 758 2248 et
766 2222 828 2250 sancto

96 2267 161 2304 mentis
175 2268 270 2316 proposito
284 2267 381 2305 voluntatis
395 2267 480 2316 fragilitas
493 2277 585 2316 repugnat.
599 2268 645 2305 Hinc
658 2269 743 2308 Salomon
757 2284 788 2308 rex
801 2285 828 2309 sa-

94 2326 218 2376 pientissimus
235 2327 253 2363 in
266 2326 312 2363 libro
325 2325 464 2363 Proverbiorum
478 2326 531 2363 dicit:
545 2326 614 2375 Septies
628 2328 686 2365 indie
700 2329 749 2367 cadet
763 2332 827 2378 iustus,

95 2396 112 2424 et
125 2386 274 2434 resurgenimpii
287 2396 347 2430 autem
361 2397 444 2423 corruent
457 2387 474 2423 in
488 2387 561 2423 malum.
570 2387 627 2424 Huius
641 2390 738 2427 sententiae
748 2392 829 2429 testimo-

94 2445 125 2483 nio
135 2445 253 2482 admonemur
262 2445 281 2482 in
292 2445 389 2481 sanctitatis
403 2445 495 2493 proposito
504 2457 541 2482 non
549 2455 645 2493 tepescere,
655 2449 707 2486 etiam
717 2449 732 2486 si
745 2462 778 2487 nos
788 2464 829 2489 con·

95 2506 172 2554 tingeret
181 2504 246 2552 septies
255 2503 310 2541 indie
320 2504 409 2541 cecidisse.
423 2504 505 2549 Quoties,
519 2505 613 2552 Monacbe,
621 2519 653 2555 per
663 2519 754 2557 peccatum
768 2523 777 2547 a
789 2524 828 2548 san-

96 2564 161 2601 ctitatis
176 2564 270 2613 proposito
280 2562 369 2607 cecideris,
383 2564 436 2600 toties
449 2576 541 2612 resurgere
551 2564 572 2600 ad
581 2563 671 2603 fervorem
684 2568 780 2616 pristinum
792 2584 829 2609 non

96 2623 192 2672 pigriteris.
210 2622 305 2659 Humanae
320 2621 420 2670 fragilitatis
433 2631 460 2659 est
474 2622 544 2667 cadere,
558 2624 588 2661 sed
606 2626 713 2674 pertinaciae
731 2628 829 2667 diabolicae

96 2681 187 2720 deiectum
201 2681 218 2718 in
233 2681 272 2717 luto
285 2680 356 2718 sceleris
370 2694 479 2730 permanere.
493 2682 552 2719 Semel
566 2696 682 2732 peccaverunt
695 2686 798 2735 daemones,
812 2700 829 2726 et

95 2739 138 2780 lacti
155 2740 228 2791 suntin
246 2753 277 2779 sua
291 2739 410 2779 obstinatione
424 2740 499 2779 indurati
517 2752 533 2780 et
546 2744 652 2791 pertinaces,
666 2746 687 2784 ad
700 2748 829 2797 poenitentiam
