1968 3023
398 201 474 239 Humilia
488 201 518 239 XI.
803 211 824 249 73

91 291 120 316 aut
133 293 231 331 nunquam,
245 292 274 318 aut
288 282 377 318 rarissime
393 281 494 319 audiuntur.
508 281 574 329 Turpis
589 293 648 317 sermo
665 280 752 329 impudici
768 280 827 318 cordis

90 340 177 378 indicium
191 351 228 388 est,
243 343 296 379 etiam
314 342 327 378 si
346 354 398 391 opera
415 354 450 378 non
467 352 570 389 sequuntur.
584 340 623 377 Vos
636 340 700 389 igitur,
714 339 777 377 fratres
792 340 827 377 mci

91 400 196 444 charissimi,
210 402 240 451 qui
254 415 289 439 non
303 402 362 440 solum
375 402 394 438 in
407 413 460 450 opere
474 401 578 444 castitatem,
589 409 607 435 et
620 399 744 437 omnimodam
758 399 826 448 pudici-

90 461 133 498 tiam
147 474 217 499 servare
230 475 286 512 usque
296 461 317 499 ad
326 472 404 499 mortem
417 460 503 514 implicita
516 459 629 509 professione
642 460 703 506 simul,
714 469 731 497 et
743 472 827 510 expressa

91 520 189 558 secundnm
203 518 289 570 regularia,
299 529 316 557 et
325 529 390 558 statuta
399 520 481 557 divorum
493 529 564 568 patrum
578 518 697 556 ecclesiastica
710 520 826 569 promisistis,

90 581 220 618 verumetiam
234 580 254 618 ab
268 581 318 619 omni
332 581 438 631 cogitatione
452 578 544 617 immunda
558 579 612 629 longe
630 578 697 617 debetis
714 593 752 617 esse
766 579 826 625 alieni,

92 642 181 679 consortia
194 654 290 690 pravorum
304 641 397 679 hominum
412 641 477 690 sugite,
490 651 507 677 et
523 650 620 678 conventus
639 641 788 690 malignantium:
802 651 826 686 et,

91 701 120 749 qui
134 700 232 749 loquuntur
244 701 309 751 iniqua,
323 702 387 750 turpia,
400 714 431 738 seu
444 702 510 748 ociosa,
524 702 573 738 omni
587 710 669 749 tempore
682 700 775 739 declinate.
789 702 827 738 Me-

91 769 172 797 mentote
187 760 284 809 scripturae
302 759 380 798 dicentis.
399 760 436 804 Qui
454 761 531 809 tetigerit
548 761 616 808 picem,
630 760 753 810 inquinabitur
766 760 787 798 ab
801 775 827 806 ea,

92 830 108 856 et
126 820 156 870 qui
170 821 329 857 communicaverit
342 818 425 869 superbo,
438 820 498 857 induet
514 819 621 868 superbiam.
635 821 682 858 Hinc
695 831 767 859 sanctus
780 822 827 871 Papa

91 878 190 928 Gregorius
204 879 252 917 dicit.
266 878 334 916 infirmi
347 880 402 916 vitare
416 878 480 917 debent
492 881 597 917 societatem
615 892 721 930 pravorum:
735 894 758 918 ne
772 882 826 926 nrala,

91 952 136 988 quae
150 939 252 989 frequenter
265 939 359 987 aspiciunt,
370 948 387 975 et
397 939 484 988 corrigere
493 952 529 976 non
542 939 650 987 praevalent,
664 939 774 978 delectentur
787 942 827 978 imi-

91 1000 130 1052 tari.
144 999 166 1036 Et
180 998 231 1036 divus
244 999 320 1036 Ioannes
334 999 437 1047 episcopus:
450 998 518 1042 Bonus,
532 999 597 1048 inquit,
611 998 659 1036 mado
673 1000 687 1035 si
701 1001 826 1047 connectitur,

92 1068 122 1095 aut
135 1072 186 1108 pares
200 1058 305 1104 redduntur,
320 1067 350 1095 aut
364 1058 399 1095 cito
416 1057 436 1094 ab
454 1057 530 1095 invicem
539 1069 657 1109 separantur.
671 1060 767 1097 Amicitiae
780 1062 827 1098 enim

91 1131 142 1167 pares
155 1128 185 1155 aut
199 1128 292 1167 quaerunt,
302 1128 331 1154 aut
340 1117 412 1154 faciant.
422 1118 489 1155 Rerum
502 1118 566 1155 etenim
579 1128 642 1154 natura
651 1119 676 1155 sic
686 1128 719 1165 est,
729 1129 748 1155 ut
758 1122 828 1170 quoties

92 1177 150 1215 bonus
163 1177 211 1214 malo
226 1177 347 1225 coniungitur,
359 1189 396 1214 non
409 1189 431 1212 ex
444 1175 490 1213 borio
504 1175 561 1213 malus
575 1177 686 1223 melioretur,
701 1177 732 1214 sed
745 1192 766 1215 eir
779 1180 828 1217 malo

91 1236 149 1275 bonus
168 1237 304 1274 contaminetur.
320 1236 418 1272 Diversilas
435 1236 483 1272 enim
500 1248 559 1273 rerum
577 1249 668 1286 nunquam
686 1247 745 1285 potest
763 1238 828 1276 habere

90 1296 214 1342 concordiam,
223 1306 241 1333 et
250 1295 317 1332 multos
327 1295 410 1332 sollicitat
421 1294 495 1331 nefanda
504 1295 587 1332 societas.
598 1296 644 1332 Sunt
653 1296 740 1334 intervos
750 1297 828 1347 quidam,

91 1355 159 1399 fratres,
169 1367 242 1404 gemens
252 1353 298 1398 dico,
308 1353 393 1403 regularis
407 1353 509 1402 disciplinae
522 1353 600 1390 multum
614 1352 697 1391 obliviosi
710 1355 828 1404 professores,

92 1415 156 1465 quibus
169 1414 212 1452 cella
225 1427 284 1451 carcer
293 1424 327 1460 est,
338 1413 402 1450 chorus
412 1413 506 1458 obsidium,
516 1414 574 1462 oratio
583 1426 654 1458 nausea,
664 1415 756 1453 silentium
765 1430 828 1466 poena,

76 1476 219 1525 ‘scripturarum
238 1474 292 1511 lectio
305 1473 401 1510 fastidium.
415 1474 472 1510 Amor
485 1473 519 1510 Dei
532 1473 584 1510 corda
601 1486 664 1511 eorum
682 1485 712 1512 aut
728 1488 828 1525 nunquam,

847 706 898 734 Eccles.
907 714 927 741 13.

92 1545 121 1573 aut
135 1543 175 1573 raro
187 1548 257 1572 sursum
262 1534 326 1585 erigit,
337 1547 414 1582 quorum
424 1534 534 1571 conversatio
544 1542 581 1571 tota
590 1534 608 1570 in
617 1533 733 1572 inferioribus
742 1537 829 1575 consistit.
874 1558 875 1561 =

92 1595 243 1643 Quotiescunque
256 1606 286 1630 me
300 1593 387 1642 contingit
400 1605 438 1629 esse
452 1592 551 1639 absentem,
565 1605 608 1630 mou
621 1594 666 1630 inter
679 1607 699 1631 se
712 1597 828 1642 conveniunt,

92 1667 129 1691 non
143 1653 165 1691 de
178 1652 257 1697 Christo,
271 1665 328 1701 neque
342 1650 362 1687 de
376 1651 469 1689 dulcedine
482 1652 532 1701 regni
546 1651 636 1697 coelestis,
650 1665 708 1702 neque
721 1653 746 1690 de·
757 1655 829 1705 integri-

56 1726 57 1729 *
92 1724 127 1751 tate
141 1712 265 1750 observantiae
283 1712 378 1760 regularis,
392 1712 422 1748 sed
435 1711 509 1761 longum
527 1710 548 1748 de
563 1712 625 1758 vanis,
640 1723 657 1749 et
670 1711 762 1751 inutilibus
776 1715 829 1752 huius

92 1771 156 1810 mundi
168 1772 248 1821 negociis
262 1784 364 1809 sermonem
379 1772 477 1820 proferunt,
491 1781 508 1807 et
522 1771 542 1808 de
556 1770 620 1821 quibus
635 1772 724 1809 monacho
738 1774 830 1812 nonlicet

92 1834 177 1882 cogitare,
192 1830 261 1875 fabulis,
275 1843 373 1880 regumque
388 1830 438 1867 bellis
451 1844 475 1874 se,
490 1830 615 1879 colloquendo,
630 1831 759 1870 intromittunt.
773 1833 829 1878 Quic-

93 1892 135 1941 quid
148 1900 208 1928 autem
222 1890 250 1927 his
263 1889 337 1938 loquor,
350 1890 433 1939 quicquid
447 1889 497 1935 dico,
511 1889 596 1939 quicquid
609 1890 684 1939 iniungo
699 1891 828 1940 poenitentiae,

92 1950 136 1989 nihil
150 1949 227 1999 proficit,
239 1962 283 1998 quos
296 1949 343 1986 mala
357 1948 466 1986 consuetudo
480 1947 500 1984 ab
513 1948 565 1986 initio
579 1961 620 1986 suae
634 1950 753 1988 institutionis
767 1951 829 2001 depra-

92 2011 145 2047 vavit.
159 2009 209 2047 Nihil
227 2019 285 2059 autent
303 2008 379 2045 deterius
398 2008 525 2045 consuetudine
543 2008 597 2052 mala;
611 2009 711 2046 Monachus
725 2013 784 2058 eninr,
800 2014 829 2062 qui

92 2070 178 2116 novitius,
191 2079 209 2106 et
223 2070 292 2118 iuvenis
306 2068 406 2118 negligitur,
420 2069 503 2106 omnibus
515 2069 562 2106 vitae
575 2082 617 2106 suae
635 2069 697 2107 diebus
713 2072 731 2108 in
748 2082 828 2122 torpore,

93 2141 109 2168 et
128 2130 198 2179 ignavia
216 2137 337 2181 conversatur.
350 2128 398 2165 Dicit
415 2141 484 2178 nanque
501 2129 594 2177 scriptura.
608 2128 719 2167 Adolescens
735 2132 828 2171 ambulans

92 2190 142 2226 iuxta
155 2190 202 2225 viam
216 2201 278 2234 suam,
293 2189 347 2225 etiam
364 2201 404 2224 cum
421 2188 509 2235 senuerit,
523 2200 559 2225 non
574 2188 645 2225 recedet
658 2189 679 2225 ab
693 2203 718 2227 ea.
732 2190 829 2240 Propterea

92 2248 143 2286 vobis
157 2247 203 2294 dico,
217 2247 311 2284 venerandi
325 2261 381 2292 senes,
395 2260 427 2284 vos
441 2260 508 2296 precor,
522 2260 554 2284 vos
567 2260 640 2294 moneo,
654 2259 671 2285 et
685 2262 716 2297 per
728 2249 763 2287 Dei
776 2253 829 2289 mise-

92 2308 194 2351 ricordiam,
209 2320 243 2356 qua
257 2319 331 2353 possum
344 2307 427 2343 instantia
440 2319 491 2355 rogo,
500 2307 525 2343 ita
538 2307 573 2343 iam
587 2306 670 2355 deinceps
684 2308 745 2355 vivite,
754 2310 778 2346 ita
787 2322 830 2347 con-

92 2367 193 2410 versamini,
206 2367 229 2403 ita
242 2365 337 2413 ambulate,
346 2374 432 2414 quatenns
446 2366 495 2403 annis
509 2366 616 2403 conveniant
628 2378 688 2403 mores
701 2369 803 2414 senectutis,
813 2379 830 2407 et

93 2428 123 2477 qui
137 2427 172 2463 iam
185 2425 239 2475 longe
253 2425 364 2474 processistis
378 2426 396 2461 in
409 2425 485 2470 senium,
496 2425 598 2473 exentplum
611 2427 707 2463 sanctitatis
721 2427 830 2466 institutioni

93 2487 185 2536 praestetis
195 2485 290 2521 iuniorum.
299 2484 356 2521 Vobis
367 2484 429 2533 procul
438 2483 491 2521 dubio
500 2483 598 2528 ascribitur,
609 2484 694 2535 quicquid
703 2486 764 2523 deesse
773 2487 831 2526 iunio·

93 2559 133 2584 rum
148 2543 228 2582 monbus
242 2544 336 2581 invenitus
346 2544 384 2581 Vos
393 2545 440 2580 enin
454 2544 559 2581 iuniorest'n
568 2545 618 2581 omni
631 2545 731 2592 sanctitate,
741 2546 759 2584 in
767 2546 829 2592 verbo,

93 2599 111 2644 et
124 2608 210 2654 inopere
224 2603 291 2641 debetis
305 2603 415 2654 praecedere;
429 2617 460 2641 vos
473 2603 509 2640 illis
524 2603 626 2653 exemplum
642 2605 698 2642 totius
713 2606 830 2655 perfectionis

93 2666 180 2704 iubemini
193 2664 280 2710 exbibete,
294 2676 313 2701 ut
327 2663 369 2701 darn
383 2666 463 2702 omnium
478 2665 495 2701 in
508 2663 560 2702 vobis
577 2677 631 2713 opera
648 2666 736 2704 virtutum
752 2667 830 2717 perfetta

94 2726 213 2776 conspiciunt,
227 2726 277 2777 quasi
290 2725 406 2763 verecundiae
419 2725 496 2777 quodam
510 2726 587 2775 impulsu
601 2726 704 2775 provocari,
714 2725 736 2765 ad
745 2727 830 2767 imitatio·

850 2141 889 2167 Prov.
899 2148 919 2167 12.

873 2204 938 2231 Adhorta-

850 2240 868 2266 tio
873 2239 889 2265 ad
895 2248 938 2266 senes.
