1968 3023
417 125 473 162 Scauro
486 124 517 160 ΙΙΙ.
800 132 832 168 193

97 211 128 247 ctis
142 205 251 246 intuentibus
265 202 308 244 fiant
321 215 392 255 oportet
409 204 508 242 manifesta.
526 204 552 241 Sit
566 204 600 239 hoc
613 202 703 240 monacho
717 215 780 239 verum
793 214 833 250 per-

97 269 152 307 fectae
163 268 269 305 humilitatis
282 267 383 316 speculum,
392 268 411 304 in
420 280 456 316 quo
470 265 544 315 singulis
558 263 619 302 diebus
633 264 729 313 respiciens
743 265 832 300 examinet

97 328 220 375 semetipsum.
513 334 515 338 ’

142 387 223 423 Primum
233 386 287 434 igitur
296 398 348 422 verae
357 385 463 422 humilitatis
476 383 562 421 indicium
576 383 698 431 unusquisque
708 382 726 418 in
735 382 832 430 semetipso

97 457 155 496 potest
170 458 275 495 agnoscere,
289 446 360 495 quando
373 459 391 482 se
407 454 467 494 potest
485 444 552 480 cunctis
566 440 669 479 horninibus
682 440 798 486 inferiorem,
816 449 833 477 et

96 506 186 552 viliorem,
197 519 233 543 non
247 518 330 543 sermone
343 505 407 550 fucato,
418 505 449 542 sed
462 504 525 542 lnamili
538 503 596 541 cordis
610 502 676 539 iudicio
691 510 780 549 reputare.
793 502 833 537 Hoc

96 567 167 615 signum
180 563 280 613 profundae
294 565 400 602 humilitatis
410 575 436 602 est
445 566 548 608 maximnm,
559 574 577 600 nt
590 562 689 600 monachus
703 563 725 598 ad
738 561 833 598 meliorem

97 628 249 663 conversationem
267 638 339 673 semper
352 625 455 673 proficiens,
469 624 550 661 inutilem
564 637 582 660 se
596 624 629 660 Dei
643 634 715 659 seruum
730 620 800 668 credat,
816 630 833 657 et

97 678 196 732 indignum.
212 684 276 721 Cordis
283 694 310 720 est
319 696 360 721 vera
369 684 466 728 humilitas,
476 697 512 720 non
523 683 617 720 sermonis:
632 682 697 719 mentis
710 691 736 718 est
745 680 832 725 studium,
882 717 884 721 ,

96 758 132 781 non
146 744 202 780 solius
216 743 314 793 corporalis
328 743 490 781 demonstrationis.
504 743 603 779 Monachus
617 742 647 779 ille
659 743 746 779 veraciter
760 750 787 778 est
800 741 833 777 hu-

96 802 153 846 milis,
167 802 197 851 qui
214 802 274 839 Deum
291 815 345 851 super
358 803 419 839 omnia
436 802 503 850 diligit,
517 802 547 850 qui
561 815 579 837 se
593 800 613 838 ab
627 801 676 837 omni
690 800 832 849 transgressione

97 861 222 899 mandatorum
235 862 278 906 Dei,
293 873 310 899 et
323 862 395 910 regulae
409 874 473 910 purum
487 862 505 898 in
519 860 600 898 omnibus
614 873 683 909 semper
697 860 787 904 custodit,
802 860 833 908 qui

97 934 160 970 magna
174 922 249 971 pietatis
260 931 277 958 et
290 922 368 958 iustitiae
382 920 423 958 facit
436 934 496 970 opera,
505 930 522 958 et
535 920 556 957 de
569 934 587 957 se
603 920 649 968 apud
662 934 680 956 se
694 931 736 956 vera
749 920 832 956 aestima·

82 1000 84 1002 ·
96 983 145 1018 tione
154 982 208 1017 sentit
217 981 297 1018 humilia.
309 981 413 1018 Secundum
422 993 480 1025 verae,
491 993 510 1016 ac
521 979 618 1029 profundae
627 979 735 1015 humilitatis
745 978 832 1015 indicium

96 1040 125 1076 ille
140 1040 263 1089 consequitur,
278 1040 308 1089 qui
321 1039 365 1077 bene
379 1052 451 1076 currens
465 1040 483 1076 in
496 1040 561 1077 timore
574 1039 658 1084 Domini,
671 1052 691 1075 ac
705 1050 832 1087 perseverans,

96 1112 136 1135 snas
149 1098 267 1147 negligentias
284 1100 334 1136 omni
349 1108 430 1147 tempore
444 1111 504 1135 coram
518 1099 565 1144 Deo,
579 1108 596 1134 et
609 1097 713 1134 hominibus
727 1096 830 1134 confitetur.

97 1158 170 1201 Quanto
181 1159 230 1194 enim
240 1157 279 1206 plus
289 1156 367 1194 inbonis
381 1157 465 1207 operibus
474 1156 576 1206 profecerit,
586 1165 635 1193 tanto
646 1156 702 1206 tnagis
712 1166 786 1205 peccata
794 1169 831 1199 sua,

97 1228 114 1254 er
122 1217 240 1266 negligentias
253 1227 293 1253 ante
306 1219 372 1254 mentis
386 1210 448 1254 oculos
462 1217 518 1265 ponit.
532 1216 664 1253 Contritionem
674 1229 707 1265 pro
717 1217 753 1252 suis
763 1214 832 1252 delictis

97 1277 114 1313 in
124 1276 177 1313 corde
189 1277 236 1325 gerit
249 1277 353 1313 continuam
358 1291 363 1322 ;
378 1286 395 1313 et
408 1289 479 1325 semper
492 1286 610 1324 compunctus
623 1276 688 1319 animo,
703 1287 761 1319 orans,
772 1285 789 1312 et
801 1288 832 1323 ge-

96 1349 146 1373 mens
161 1349 170 1372 a
184 1337 264 1376 Domino
283 1350 325 1373 curn
343 1336 427 1386 lacrymis
445 1338 489 1386 petit
506 1337 586 1380 veniam,
600 1345 618 1371 et
635 1335 775 1372 miserationem.
793 1335 832 1371 Nec

96 1396 155 1433 solum
168 1409 201 1445 pro
215 1397 261 1443 suis,
275 1397 306 1433 sed
320 1398 373 1434 etiam
386 1410 419 1446 pro
433 1398 488 1434 totius
506 1396 568 1433 mandi
582 1406 620 1433 orat
634 1397 716 1444 peccatis,
730 1396 831 1432 Maximum

96 1467 157 1493 contra
166 1457 231 1493 mentis
244 1456 340 1493 elationem
347 1457 448 1495 remedium
459 1457 573 1506 propriorum
583 1465 609 1492 est
618 1457 706 1492 memoria
716 1454 830 1492 delictorum.

96 1515 178 1552 Tertium
192 1514 300 1551 humilitatis
313 1515 407 1561 indicium,
422 1516 489 1560 omnia,
504 1528 548 1564 quae
561 1514 602 1551 facit
616 1527 669 1562 opera
682 1514 735 1560 bona,
746 1527 799 1563 penes
814 1527 832 1550 se

96 1575 114 1610 in
123 1582 192 1610 secreto
202 1586 308 1610 conservare
317 1573 405 1610 desiderat
410 1589 414 1617 ;
428 1583 445 1610 et
458 1587 510 1610 suurn
524 1573 625 1621 profectum
638 1584 711 1622 propter
725 1572 831 1618 humilitatis

70 1635 71 1638 ’
96 1632 175 1669 studium
184 1632 269 1670 occultat:
279 1633 322 1670 Non
332 1634 379 1670 enim
388 1646 432 1669 vane
442 1634 534 1681 gloriatur,
544 1633 574 1682 qui
586 1632 659 1669 humilis
668 1642 705 1678 est3
718 1644 751 1668 nec
760 1631 832 1669 laudem

96 1692 163 1741 quaerit
173 1691 193 1728 ab
203 1691 312 1738 hominibus,
322 1693 352 1742 qui
365 1693 441 1742 gloriam
454 1702 513 1742 sperat
522 1702 601 1730 aeternae
615 1692 710 1729 felicitatis.
724 1692 832 1740 Quicunque

96 1764 114 1788 se
126 1760 207 1787 vestrum
220 1750 309 1787 humilem
322 1765 367 1798 esse,
376 1761 393 1789 et
406 1765 468 1789 verum
482 1753 589 1789 monachum
603 1752 696 1795 existiraaat,
711 1751 746 1788 hoc
759 1751 831 1799 sigmnn

96 1809 194 1859 profundae
211 1809 341 1857 submissionis,
355 1821 372 1848 et
386 1811 490 1849 abiectionis
508 1821 580 1860 propter
593 1812 652 1848 Deum
669 1824 706 1848 non
722 1819 831 1847 contemnat.

90 1870 186 1914 Quartum
196 1882 248 1906 verae
261 1870 368 1908 humilitatis
377 1871 470 1918 indicium,
481 1873 499 1909 in
508 1871 592 1920 abyssum
606 1880 721 1920 contemptus
734 1870 762 1907 sui
776 1871 832 1918 ipsius

96 1931 196 1968 voluntarie
210 1930 330 1978 descendens,
343 1945 406 1969 omnes
424 1932 521 1969 confratres
535 1944 577 1968 suos
591 1932 645 1968 etiam
662 1941 723 1979 aperte
736 1940 832 1979 peccantes

96 2004 155 2028 coram
164 1991 204 2027 Deo
218 2003 236 2026 se
251 1990 335 2028 meliores
349 1992 445 2036 existiman
459 2005 490 2028 sna
503 1992 548 2028 mala
559 1990 648 2028 bonorum
662 1990 727 2028 oblitus
742 1991 832 2039 sapienter

96 2049 206 2095 considerat;
221 2050 298 2087 aliorum
311 2063 354 2087 vero
371 2051 418 2088 mala
435 2051 506 2088 silentio
520 2043 614 2095 transiens,
628 2064 673 2099 qnae
687 2050 762 2087 fecerint
775 2048 832 2096 bona,

96 2119 195 2158 opportune
213 2108 320 2146 manifestat.
337 2109 387 2146 Haec
403 2119 429 2146 est
442 2122 493 2147 verae
506 2109 612 2146 humilitatis
626 2109 715 2155 conditio,
728 2119 748 2145 nt
760 2120 832 2156 semper

96 2168 171 2206 aliorum
183 2180 238 2216 opera
247 2166 293 2205 bona
306 2169 386 2213 miretur,
397 2179 414 2205 et
427 2169 526 2217 praedicet;
540 2182 570 2205 sua
580 2168 677 2217 vilipendat
691 2178 763 2217 propter
778 2168 832 2204 evita-

95 2227 164 2264 tionem
177 2225 276 2274 superbiae,
284 2227 382 2275 prudenter
391 2238 408 2264 et
421 2227 504 2265 occultet.
518 2228 606 2272 Quintum
620 2240 671 2264 verae
688 2227 795 2264 humilitatis
809 2227 831 2262 si-

95 2300 157 2336 gnum,
169 2296 275 2323 consecutus
289 2287 307 2324 in
320 2300 351 2324 sua
365 2287 478 2335 simplicitate
492 2289 563 2337 quietus
577 2297 614 2325 est:
629 2287 680 2324 etde
694 2287 770 2324 aliorum
784 2285 816 2323 def
824 2308 831 2313 -

96 2344 151 2383 ctibns
165 2358 202 2383 non
215 2345 301 2395 loquitur,
310 2346 345 2382 nisi
357 2347 385 2384 vel
398 2348 466 2384 ratione
480 2346 576 2394 officii,vel
590 2348 679 2384 charitatis
693 2346 769 2395 irnperio
784 2358 832 2382 coru-

96 2405 175 2455 pellatur.
189 2405 251 2442 Servat
264 2407 352 2442 tamenin
362 2407 471 2443 correctione
485 2406 561 2455 prudens
574 2406 665 2444 humilitas
678 2405 798 2451 modestiam3
813 2416 832 2442 ut

96 2479 141 2509 eum,
155 2478 209 2513 quem
222 2466 335 2514 corripiendo
349 2467 433 2512 severius,
443 2466 536 2503 meliorem
550 2480 586 2504 non
600 2477 658 2515 potest
671 2466 747 2510 efficere,
761 2466 831 2512 leniter,

95 2535 113 2562 et
126 2533 218 2561 mansuete
231 2525 301 2562 studeat
314 2524 415 2563 admonere.
429 2526 559 2574 Increpationes
573 2527 625 2563 etiam
639 2521 728 2563 interdum
743 2526 832 2574 sapienter

95 2583 204 2629 dissimulat3
213 2592 230 2620 et
241 2584 298 2632 magis
312 2594 434 2633 opportunum
447 2594 517 2633 tempus
531 2595 617 2634 expectat,
628 2594 645 2621 et
658 2584 748 2622 observat.
757 2584 832 2622 Sextum

95 2643 200 2681 humilitatis
214 2643 285 2691 signum
299 2643 407 2690 ostenditur,
422 2644 492 2694 quando
506 2645 603 2682 monachus
617 2644 638 2681 ad
651 2643 768 2694 arguendum,
778 2655 796 2681 et
805 2657 832 2681 re-

774 2752 787 2774 1a
