1968 3023
156 194 179 230 86
343 194 369 231 De
382 193 478 243 qrtatidiaaa
488 201 593 244 peccatoram
605 194 703 245 expiatione.

156 275 238 323 deinceps
251 288 342 324 nunquam
356 277 450 313 reversuri.
464 276 552 313 Homines
561 285 622 312 autem
635 277 776 325 quotiescunque
786 275 888 322 ceciderint,

155 347 226 383 semper
239 334 260 371 ad
274 335 400 383 poenitentiam
415 344 489 384 possunt
502 348 600 384 resurgere,
611 344 628 371 et
641 336 675 372 Dei
689 336 770 385 gratiam,
783 348 837 386 quam
850 348 889 384 per-

156 394 236 432 diderant
248 394 343 445 peccando,
357 394 455 443 lachrymis
465 405 482 431 et
491 393 602 431 orationibus
616 395 717 444 impetrare.
731 396 767 433 Cor
779 396 845 433 etenim
857 394 889 432 ho-

156 455 208 492 minis
222 453 297 491 flexibile
307 455 325 491 in
334 463 421 503 utranque
434 463 502 501 partem
512 465 551 491 mm
563 456 584 491 ·ri
598 463 663 503 potest:
677 455 718 504 quia
726 467 818 504 utinquam
832 454 888 492 homo

156 516 174 551 in
184 528 236 552 carne
245 525 280 552 tam
290 515 347 551 nialus
357 514 395 551 fieri
404 526 457 562 posse
470 513 569 550 credendus
583 524 616 559 est,
629 514 671 564 quin
681 514 744 561 ualeat,
758 516 773 551 si
782 514 825 552 velit
834 528 844 552 a
853 528 889 551 ma-

155 575 193 612 litia
202 588 233 612 sua
242 574 354 622 resipiscere,
365 583 387 617 et,
398 574 436 610 Deo
446 573 537 622 largiente,
546 572 567 610 nd
577 572 677 611 bonitatem
687 584 766 611 mentem
774 587 825 611 suam
834 573 890 611 refor-

155 648 209 673 mare.
223 635 289 672 Rursus
303 647 374 683 quoque
386 645 440 670 nemo
453 643 489 670 tam
507 632 564 670 bonus
577 634 596 670 in
613 632 646 670 hac
661 634 695 671 vita
711 634 783 671 mortali
800 633 887 680 efficitur,

156 695 186 745 qui
200 707 237 732 iton
250 693 288 730 fieri
301 692 358 730 rtralus
372 693 439 742 possit,
453 693 468 729 si
481 692 538 741 gratia
551 692 626 730 Domini
640 692 728 731 abutatur.
742 693 793 737 Quae
807 702 848 730 curn
865 694 889 730 ita

156 768 174 791 se
187 753 268 797 habeant,
282 752 343 789 iratres
353 751 396 797 mei,
406 750 492 788 hodierna
501 751 545 789 mihi
555 752 680 789 cohortatione
693 752 762 790 fueritis
776 752 888 797 admonendi,

156 824 241 863 quatenus
256 821 306 849 caute
318 810 423 857 arribnletis,
438 820 458 847 ut
475 812 505 860 qui
519 812 615 849 coscientia
630 821 718 859 testante,
733 814 768 850 iam
786 814 803 850 iu
819 813 888 850 semitis

156 873 233 909 iustitiae
241 870 329 920 graditur,
343 872 361 908 in
374 871 412 918 ipsa
425 870 536 920 proficiendo
545 870 625 920 quotidie
638 882 750 919 perseveret:
766 881 782 908 et
796 872 826 921 qui
837 884 888 909 reum

156 945 174 969 se
185 944 244 970 coram
258 932 338 968 Domino
351 929 439 979 intelligit,
453 931 507 967 vitam
521 942 632 980 quantocyus
646 931 734 969 emendet.
750 931 768 968 Si
781 942 798 969 te
812 931 889 968 humana

156 991 241 1040 fragilitas
255 990 334 1039 quotidie
348 989 433 1039 impellit,
448 991 497 1036 sive,
512 1000 532 1027 ut
545 991 628 1040 proprius
642 989 706 1037 dicam,
719 991 829 1040 praecipitat,
840 990 888 1028 facit-

156 1065 189 1101 que
203 1050 310 1100 delinquere,
324 1050 384 1087 incitet
398 1050 451 1086 etiam
464 1060 482 1088 te
490 1063 541 1088 antor
555 1050 593 1094 Dei,
608 1061 625 1087 et
635 1051 718 1100 propriae
731 1050 798 1094 salutis,
808 1050 888 1100 quotidie

156 1110 226 1159 culpant
237 1120 284 1146 titani
294 1121 326 1158 per
336 1121 396 1145 veram
406 1110 532 1146 contritionem
542 1109 634 1147 hutinliter
643 1112 719 1159 expiare.
729 1111 758 1148 Sic
767 1110 813 1147 enim
824 1111 888 1159 septies

155 1172 172 1207 in
187 1171 215 1206 die
229 1168 275 1205 cadit
292 1169 359 1212 iustus,
374 1177 391 1204 et
407 1169 494 1217 resurgit,
508 1169 592 1218 quoniam
606 1177 623 1205 et
637 1169 651 1205 si
665 1182 685 1205 etc
703 1169 780 1206 littnrana
793 1168 888 1218 fragilitate

155 1227 228 1274 labitur,
242 1240 311 1275 semper
325 1236 385 1264 tarrren
399 1227 416 1263 in
429 1227 527 1264 sanctitatis
541 1240 656 1275 perseverans
669 1228 773 1277 proposito,
788 1229 854 1277 tnagis,
868 1240 888 1264 ac

155 1290 212 1337 magis
225 1288 285 1324 animo
304 1287 321 1323 111
339 1286 373 1322 Dei
389 1297 451 1322 amore
465 1285 581 1324 confortatur.
595 1287 611 1322 Α
624 1286 708 1335 gravibus
726 1299 795 1335 nanque
811 1287 887 1335 peccatis

156 1347 282 1385 conscientiam
296 1358 346 1382 suam
360 1357 467 1381 conservans
480 1345 585 1389 irnnmnern,
596 1344 704 1393 quotidianis
717 1345 830 1395 negligentiis
843 1346 887 1382 invi·

154 1420 182 1445 rus
196 1406 287 1457 polluitur;
301 1416 317 1442 et
331 1418 372 1441 cum
385 1418 404 1442 se
416 1405 477 1441 vivere
491 1405 529 1442 sine
538 1404 607 1441 delictis
621 1417 657 1442 non
670 1418 723 1454 posse
733 1406 824 1455 conspicit,
837 1419 886 1442 suam

156 1467 247 1504 liutniliter
265 1464 386 1502 infirmitatem
400 1476 503 1513 agnoscens,
518 1464 594 1512 amplius
610 1465 719 1513 ingemiscit.
733 1464 787 1508 Quod
802 1466 817 1502 si
834 1465 887 1502 etiam

154 1527 237 1576 graviore
250 1523 314 1561 delicto
328 1532 468 1573 praeoccupatus
482 1522 540 1566 fuerit,
554 1535 597 1560 nrox
610 1524 632 1560 ad
646 1524 789 1561 emendationem
803 1537 834 1573 per
846 1538 888 1573 poe-

155 1587 248 1623 nitentiam
266 1585 348 1633 resurgit.
366 1583 418 1620 Unde
432 1583 564 1620 considerantes
582 1582 670 1620 hurmnae
683 1583 783 1633 fragilitatis
801 1584 887 1622 conditio-

154 1659 196 1683 nem
210 1645 263 1693 prisci
276 1644 385 1681 monasticae
394 1642 497 1690 disciplinae
510 1641 638 1687 moderatores,
649 1644 697 1679 varia
706 1643 810 1693 expiationis
823 1657 887 1694 genera

155 1706 275 1748 instituerunt,
288 1702 352 1752 quibus
366 1711 383 1739 et
397 1700 453 1738 borrae
462 1700 559 1738 voluntatis
572 1702 657 1738 monachi
670 1703 750 1751 quotidie
764 1701 856 1751 proficiant
869 1704 886 1741 in

155 1764 228 1807 melius,
242 1773 260 1799 et
275 1760 353 1811 improbi
370 1760 392 1797 ad
405 1759 536 1797 observantiam
554 1759 639 1809 regularis
655 1761 702 1797 vitae
715 1761 849 1809 compellantur.
867 1762 887 1799 ln

128 1838 130 1842 ·
154 1823 297 1872 regularemque
310 1831 380 1857 sanctus
393 1820 444 1856 Pater
457 1819 563 1857 Benedictus
573 1819 599 1855 sic
607 1820 693 1868 praecipit
702 1819 768 1857 dicens:
783 1820 840 1858 Omni
852 1821 887 1858 sol-

154 1883 246 1919 licitudine
259 1892 320 1917 curam
337 1889 387 1928 gerat
401 1879 454 1924 abbas
468 1878 514 1915 circa
527 1877 649 1927 delinquentes
667 1877 742 1925 fratres,
757 1881 797 1928 quia
811 1893 846 1918 non
860 1890 886 1918 est

155 1955 199 1991 opus
217 1941 263 1977 sanis
281 1939 372 1984 medicus,
386 1937 417 1975 sed
434 1938 480 1975 male
493 1937 605 1975 habentibus.
619 1937 751 1982 Quamobrem,
760 1939 813 1988 primi
827 1939 886 1977 obser-

154 2002 223 2038 vantiae
236 1999 321 2049 regularis
335 1998 423 2047 principes
433 1996 508 2046 provida
518 1997 661 2035 consideratione
674 1998 795 2045 instituerunt,
809 2009 829 2036 ut
842 2013 886 2049 quo·

153 2061 196 2098 tidie
210 2069 250 2109 post
264 2059 329 2108 primas
343 2058 361 2094 111
374 2057 414 2094 loco
428 2056 513 2105 deputato
527 2066 625 2093 conventus
639 2056 737 2094 celebretur
750 2057 854 2107 culparum,
867 2060 885 2097 in

153 2133 188 2169 quo
202 2118 318 2168 praesidente,
328 2116 356 2152 vel
369 2114 442 2158 Abbate,
456 2114 484 2152 vel
497 2115 568 2161 Priore,
583 2115 666 2151 ornnium
679 2124 728 2152 actus
742 2115 816 2153 fratrum
829 2130 885 2166 aequa

58 2187 133 2226 Capitulum
154 2178 264 2217 discussione
273 2176 384 2225 proferantur
397 2177 415 2212 in
429 2174 515 2212 medium.
528 2174 587 2211 Locus
601 2174 640 2218 iste,
654 2173 716 2211 fratres
730 2175 765 2211 mei
779 2186 842 2225 typum
855 2191 885 2226 ge-

45 2224 134 2285 lssssffiffpm'
154 2239 176 2274 rit
193 2235 291 2286 purgatorii
306 2234 416 2279 animarum,
431 2233 515 2282 quoniam
533 2233 562 2269 hic
578 2245 615 2270 non
631 2232 691 2270 solum
708 2243 779 2282 peccata
793 2237 886 2284 expiantur

153 2298 255 2347 praeterita,
266 2296 297 2333 sed
310 2295 362 2332 etiam
377 2295 511 2343 praemunimur
524 2303 586 2330 contra
598 2292 663 2330 futura.
676 2294 696 2330 Iu
709 2294 744 2330 hoc
758 2295 824 2331 etenim
837 2296 884 2342 loco,

154 2370 207 2408 quem
220 2368 304 2393 vocamus
319 2353 443 2402 capitularem,
457 2351 542 2402 quicquid
551 2353 569 2389 in
578 2364 640 2401 aperto
655 2351 765 2401 deliquistis,
780 2355 884 2403 corrigitur,

154 2428 171 2455 et
186 2430 217 2465 per
232 2416 327 2452 salutarem
346 2413 475 2463 poenitentiam
494 2413 580 2461 expiatur.
593 2412 628 2448 Hic
642 2411 722 2460 quotidie
736 2413 793 2461 legem
807 2425 885 2452 vestram

154 2475 277 2519 rtiortasticam,
287 2473 308 2511 ad
318 2474 368 2510 cuius
381 2472 503 2521 integritatem
513 2472 573 2507 vivere
586 2469 704 2519 prornisistis,
717 2472 833 2524 paraphraste
845 2486 885 2522 pro-

153 2536 248 2572 nunciante
267 2532 384 2582 cognoscitis3
397 2531 426 2567 hic
439 2530 514 2567 verbum
531 2529 593 2566 salutis
611 2530 752 2567 exhortatorium
772 2530 832 2568 diebus
850 2533 885 2569 sirr-

154 2596 202 2645 gulis
216 2594 285 2639 audiris
299 2593 327 2629 hic
341 2602 441 2640 martyrum
455 2591 523 2628 Christi
536 2591 627 2635 victorias,
641 2590 791 2640 multimodasque
804 2604 837 2640 pro
851 2591 885 2630 fide

154 2655 254 2693 orthodoxa
263 2654 353 2701 passiones
362 2652 438 2689 breuiter
452 2652 533 2688 recitatas
542 2650 651 2688 auscultatis.
663 2652 711 2688 Haec
720 2662 746 2688 est
754 2652 884 2689 monachorum

154 2713 215 2752 schola
230 2725 262 2761 pro
276 2711 418 2748 consideratione
428 2710 531 2760 disciplinae
544 2710 629 2760 regularis
638 2712 744 2757 necessaria,
755 2712 772 2748 in
781 2720 885 2761 quatotum
