1968 3023
153 137 188 172 116
325 133 351 170 De
364 131 502 182 qraarlragasiutali
515 132 574 169 ielartio
589 132 709 170 arronaclaarrtnt.

151 213 217 249 tentius
231 212 253 249 ad
266 212 375 262 purgandam
392 213 448 249 aciem
465 211 539 261 pavidae
557 213 629 258 mentis,
644 225 696 262 quam
710 211 772 248 sedula
790 211 894 249 vulnerum*

150 271 217 308 Christi
231 271 330 309 meditatio.
339 272 395 308 Fusus
409 272 457 308 enim
471 271 614 319 preciosissimus
628 272 699 320 sanguis
708 271 782 309 Domini
796 271 886 309 sufficiens

150 331 207 367 iactus
221 340 248 368 est
261 330 349 369 medicina
362 331 435 379 peccati.
444 322 491 367 Hinc
504 341 576 367 sanctus
586 330 627 368 dicit
636 331 705 379 praesul
714 331 836 380 Augustinus:
846 331 886 368 Fra·

151 401 191 433 tres,
203 402 222 427 ut
236 391 330 435 vulnerati,
343 405 352 428 a
366 399 437 439 peccato
451 402 539 434 sanemur,
554 390 646 428 Christum
660 390 763 428 crucifixum
777 391 885 428 intueamur.

150 450 251 494 Quomodo
269 452 324 496 eninr,
339 451 369 500 qui
386 449 498 487 intuebantur
516 460 618 499 serpentem
635 463 710 487 aeneum
725 451 743 487 in
759 450 836 497 deserto,
849 463 885 488 non

150 509 230 559 peribant
249 510 338 547 morsibus
356 519 471 558 serpentum,
489 510 526 556 sic,
544 511 574 559 qui
592 510 636 556 fide,
652 519 668 548 et
682 510 778 549 devotione
794 511 885 548 intuentur

150 580 228 607 mortem
243 570 281 606 lesu
296 570 371 612 Christi,
385 578 469 606 sanantur
487 582 496 606 a
514 569 603 606 morsibus
620 580 739 618 peccatorum.
753 571 771 607 Si
785 580 845 608 autem
859 571 885 607 in-

150 629 248 666 stihcatum
257 640 275 666 te
284 628 357 666 confidis
366 642 376 665 a
385 639 463 677 peccato,
478 641 499 666 eo
512 630 576 677 magis,
590 638 642 679 atque
655 628 751 667 ferventius
761 629 793 667 tibi
803 629 885 667 Christus

150 688 167 724 in
177 701 229 724 cruce
239 687 317 736 pendens
331 687 426 725 intuendus
440 697 472 731 est,
486 688 524 725 sine
538 689 588 725 cuius
602 689 666 726 merito
679 689 765 737 passionis
775 702 830 726 nemo
839 690 884 726 vivit

150 750 207 785 iustus
222 750 239 785 in
253 759 305 785 terra.
319 748 365 785 Nam
379 757 427 785 entra
436 746 489 784 fidem
499 747 567 785 Christi
580 761 616 785 non
629 758 655 785 est
668 748 744 786 institia:
759 759 776 786 et
790 758 884 797 quantum-

150 808 192 846 libet
205 809 262 846 homo
275 798 323 844 vivat
336 807 424 855 religiose,
439 807 453 843 si
466 819 503 844 non
517 806 572 844 credit
586 807 603 843 in
616 807 714 844 Dominum
727 818 811 845 nostrum
824 809 884 845 Iesum

150 868 249 913 Christum,
263 877 351 904 aeternam
365 867 463 904 nuliatenus
477 877 596 915 consequetur
609 866 691 913 salutem,
706 867 736 904 sed
745 868 771 904 ira
781 869 815 905 Dei
824 878 885 905 manet

150 941 260 977 supereum,
275 938 291 964 et
305 928 404 965 necessario
418 926 482 976 peribit
496 928 513 964 in
527 937 625 964 aeternum.
638 928 688 964 Mors
701 927 768 965 Christi
778 929 850 965 ianuam
859 942 884 966 sa·

150 988 192 1024 lutis
202 988 276 1036 aperuit,
290 999 322 1036 per
334 1000 387 1036 quarn
401 998 453 1023 nemo
467 987 512 1023 alius
525 996 585 1035 potest
598 987 672 1035 ingredi,
682 988 715 1024 nisi
724 987 754 1037 qui
763 988 782 1024 in
791 986 884 1024 Christum

150 1047 226 1085 fideliter
240 1048 300 1085 credit.
315 1048 410 1097 Propterea
420 1048 467 1084 enim
477 1046 560 1084 Christus
570 1047 679 1084 damnationi
688 1060 706 1084 se
716 1048 779 1084 mortis
792 1046 884 1084 humiliter

149 1098 235 1150 subdidit}
250 1116 269 1143 ut
286 1106 377 1157 credentes
390 1121 399 1143 a
412 1107 455 1156 iugo
469 1106 588 1143 damnationis
602 1117 696 1155 perpetuae
709 1105 797 1144 liberaret.
810 1107 828 1144 O
844 1106 884 1144 cha·

149 1167 192 1203 ritas
205 1165 281 1209 infinita,
296 1179 307 1202 o
320 1166 376 1214 pietas
389 1167 426 1202 sine
440 1177 533 1209 mensura,
548 1166 587 1214 quis
602 1165 711 1202 credentium
724 1166 742 1202 in
755 1175 784 1211 te,
799 1165 883 1203 Maiestas

149 1235 227 1270 aeterua,
237 1239 274 1262 non
283 1225 358 1261 miretur
371 1233 406 1261 tam
416 1223 503 1272 stupenda
516 1223 568 1260 nobis
580 1223 647 1260 indulta
656 1223 750 1262 beneficia?
763 1225 826 1262 Passio
835 1225 884 1261 eninr

148 1294 183 1328 tua,
194 1284 273 1322 Domine
287 1284 332 1327 lesu,
341 1293 412 1320 nostrae
425 1282 486 1320 salutis
500 1293 526 1320 est
540 1284 628 1332 precium,
638 1283 758 1332 ultimumque
767 1293 883 1332 peccatorum

148 1343 250 1392 refugium,
265 1342 375 1380 infirmarum
391 1343 478 1379 mentium
495 1342 585 1391 singulare
599 1341 707 1388 remedium,
722 1341 773 1388 fons,
787 1343 851 1392 origo,
866 1351 883 1379 et

148 1403 188 1440 finis
202 1404 285 1440 omniurn
298 1402 393 1441 bonorum.
407 1402 520 1447 Recolanrus,
534 1416 582 1440 nunc
595 1404 654 1452 igitur,
668 1402 729 1440 iratres
744 1403 852 1449 charissimi,
866 1413 883 1440 et

148 1462 212 1500 sedulo
221 1462 243 1499 ad
252 1462 360 1499 memoriam
373 1474 478 1499 revocemus
492 1462 599 1499 Dominicae
608 1463 694 1511 passionis
704 1463 847 1506 amaritudinem,
858 1474 882 1506 ut,

148 1523 189 1571 quia
203 1522 304 1559 necessario
318 1531 419 1570 peccatores
433 1535 465 1558 nos
480 1534 519 1558 esse
532 1522 688 1569 recognoscimus,
703 1521 793 1559 iustificari
811 1522 883 1560 tandem

148 1594 179 1629 per
188 1582 274 1617 meritum
285 1581 340 1629 ipsius
354 1580 449 1617 Salvatoris
458 1581 516 1617 nostri
529 1580 625 1617 valeamus.
638 1581 731 1618 Meditatio
743 1581 791 1618 enim
801 1582 885 1621 Domini-

148 1653 179 1677 cae
188 1640 279 1677 Passionis
289 1639 379 1689 praecellit
392 1641 452 1677 omnia
465 1640 518 1676 huius
531 1638 595 1677 arnadi
608 1640 695 1684 exercitia,
705 1640 720 1676 si
730 1654 770 1677 curn
781 1641 882 1680 devotionis

148 1701 222 1737 intimae
240 1699 311 1737 fervore
328 1700 393 1736 diutins
413 1698 466 1736 fuerit
487 1700 596 1737 continuata.
616 1700 666 1737 Mens
684 1699 713 1736 illa
729 1700 822 1748 Menaeni,
837 1715 881 1750 quae

148 1759 208 1796 studio
222 1759 284 1796 Divini
301 1760 367 1795 amoris
385 1771 478 1804 succensa,
491 1759 580 1806 passionis
594 1759 667 1796 Domini
684 1760 740 1796 nostri
757 1760 797 1796 lesu
814 1760 881 1798 Christi

146 1819 254 1855 memoriam
268 1818 333 1856 habere
347 1831 387 1855 cum
401 1816 497 1866 lachrymis
508 1818 589 1867 quotidie
602 1817 624 1855 ad
637 1818 700 1855 horam
713 1818 776 1855 saltem
791 1820 880 1857 modicam

148 1878 251 1921 consuevit,
266 1876 373 1914 daemonum
391 1876 534 1927 suggestionibus
552 1890 589 1915 non
603 1877 653 1914 facile
666 1878 745 1925 patescit,
765 1878 802 1916 Cor
815 1880 881 1916 etenim

148 1937 201 1980 illud,
216 1937 264 1986 quod
278 1949 328 1974 amor
340 1938 379 1974 lesu
396 1937 483 1985 possidet,
498 1935 581 1973 omnibus
596 1936 732 1985 cogitationibus
745 1937 796 1974 malis
811 1951 882 1987 semper

148 1996 275 2040 inaccessibile,
285 2006 302 2033 et
312 1995 390 2033 clausum
398 2005 469 2041 ,manet⁴
484 1995 545 2033 Foelix
558 1997 643 2033 nimirum
653 1995 682 2033 ille
692 1996 799 2041 Monachus,
809 2007 827 2035 et
837 2010 880 2036 nun-

145 2069 198 2104 quam
212 2066 283 2104 praeter
296 2055 384 2092 honorem
398 2055 528 2101 nominandus,
543 2057 573 2104 qui
587 2056 605 2092 in
618 2055 703 2101 doctrina,
717 2065 734 2093 et
747 2057 830 2104 passione
844 2058 881 2095 Do-

147 2116 191 2152 mini
207 2116 265 2153 nostri
282 2115 322 2151 Iesu
336 2115 402 2152 Christi
416 2128 456 2151 curn
470 2116 536 2152 amoris
550 2115 610 2152 studio
624 2115 720 2152 meditatur
734 2116 770 2160 die,
784 2130 804 2153 ac
817 2128 880 2156 nocte:

147 2176 176 2224 qui
190 2175 288 2212 Salvatoris
301 2175 328 2211 sui
342 2187 432 2224 nunqnam
446 2173 567 2212 obliviscitur:
582 2176 612 2223 qui
625 2175 663 2211 sive
676 2175 764 2221 comedat,
775 2177 812 2214 sive
825 2176 880 2223 bibat,

147 2235 183 2271 sive
197 2233 245 2271 aliud
263 2233 306 2283 quid
323 2232 384 2279 faciat,
397 2246 467 2281 semper
481 2233 581 2270 Dominum
599 2234 658 2270 lesum
672 2234 688 2270 in
707 2246 758 2271 cruce
771 2235 879 2282 pendentem

147 2294 202 2330 oculis
217 2292 323 2330 mentalibus
337 2294 420 2329 intuetur.
437 2293 500 2329 Nullae
514 2302 608 2330 versantur
621 2293 639 2329 in
653 2293 689 2330 eius
703 2294 756 2331 corde
770 2296 880 2343 perniciosae

146 2355 274 2403 cogitationes:
288 2352 363 2390 verbum
376 2367 397 2390 en
411 2366 441 2390 ore
455 2354 493 2390 eius
510 2352 590 2398 malum,
604 2353 632 2389 vel
646 2353 727 2391 ociosum
741 2367 776 2391 non
791 2355 879 2403 procedit:

146 2413 197 2459 nihil,
208 2427 261 2463 quam
276 2412 379 2450 crucifixum
392 2425 424 2462 pro
438 2412 489 2450 nobis
502 2414 567 2457 Iesum,
578 2414 654 2462 cogitat:
666 2421 683 2449 et
696 2414 780 2463 quicquid
793 2414 879 2465 loquitur,

146 2474 214 2518 lesum,
229 2474 257 2511 vel
271 2473 359 2510 Iustitiam
377 2483 435 2511 sonat.
453 2473 498 2510 Mox
511 2483 531 2510 ut
544 2473 641 2522 imaginem
657 2472 744 2521 depictam
756 2474 802 2511 ‘lesu
815 2473 880 2511 viderit

147 2533 232 2580 crucifixi,
241 2534 259 2570 in
269 2533 369 2582 lachrymas
382 2532 486 2571 resolvitur:
500 2543 517 2569 et
531 2545 573 2580 prae
582 2533 639 2569 nimio
649 2533 713 2569 mentis
726 2533 815 2571 desiderio
829 2535 880 2583 quasi

146 2592 227 2641 stupidus
237 2593 311 2630 effectus
321 2592 436 2630 amaritudine
446 2592 549 2629 dulcrssima
558 2591 642 2641 repletur.
654 2592 716 2630 Nullas
725 2594 771 2631 vitae
781 2594 879 2642 praesentis

146 2652 279 2690 consolationes
293 2663 352 2701 potest
369 2653 471 2698 admittere,
487 2654 538 2701 quia,
553 2665 594 2689 cum
607 2653 705 2689 Dominum
723 2665 776 2689 suurn
790 2653 808 2689 in
821 2652 877 2690 Coelo
