1968 3023
427 167 503 206 Hunu'liu
517 165 573 203 XXII.
596 179 597 182 ’
836 179 868 213 159

132 257 187 294 solius
200 256 269 293 animae
283 263 360 290 sectatur
374 252 488 288 incrementa,
502 250 543 287 Non
557 249 604 285 enim
618 249 687 285 sincera
698 260 723 285 est
738 249 813 285 charitas
827 260 868 296 pro·

132 317 228 361 almorum,
242 314 288 351 dona
303 312 424 360 corruptionis
438 319 525 359 appetere,
536 320 565 345 aut
577 321 627 345 more
637 320 733 355 puerorum
747 317 819 356 propter
828 319 868 342 tnu-

132 374 246 412 nusculorum
257 372 391 410 distributiones
401 381 539 408 concurrentem
549 367 612 404 affectu
623 366 744 404 similitudinis
754 380 818 403 amare.
827 366 867 402 ato-

132 434 229 472 nachorurn
243 433 321 470 amicitia
334 433 380 469 inter
394 431 451 468 bonos
466 428 545 466 eiusdem
560 427 647 477 propositi
660 426 746 463 zelatores
764 425 814 463 debet
828 438 866 462 esse

132 494 238 540 communis,
252 504 269 530 et
282 492 344 541 procul
358 501 427 528 remota
440 489 461 526 ab
474 490 524 527 omni
538 488 631 525 affectione
645 487 707 523 carnis.
721 486 747 522 Sit
761 498 810 534 pura,
824 485 866 521 sira·

131 554 178 602 pler,
193 564 247 599 recta,
263 563 279 589 et
291 553 329 588 sine
344 552 448 599 cuiusquam
462 549 527 586 iniuria
540 546 629 590 dtarabilis,
644 559 676 583 nec
690 545 753 582 habeat
762 548 779 582 in
789 558 807 580 se
818 544 866 593 qtric·

131 625 182 662 quam
196 620 289 660 suspectae
304 609 448 658 conspirationis.
457 609 498 645 Non
513 617 539 643 est
549 606 593 643 haec
602 619 665 643 norma
675 604 761 641 fraternae
771 604 865 646 charitatis,

131 673 198 721 privata
212 669 341 710 consolationis
354 667 458 704 interdictae
473 665 596 704 conventicula
610 677 700 714 quaerere,
710 673 733 710 et,
745 664 782 700 sine
796 661 865 699 benedi-

131 732 189 768 ctione
203 730 277 778 pdoris,
291 728 367 773 furtivis,
381 728 438 763 innuo
452 725 546 775 prohibitis
564 723 684 762 locutionibus
698 737 763 761 vacare.
778 723 864 759 Amorem

130 800 207 827 vestrum
222 789 305 837 proximo
319 800 355 823 non
369 798 422 832 recte,
436 786 466 823 sed
481 787 540 835 potius
554 785 654 833 perniciose
672 783 780 833 impenditis,
794 782 864 831 quoties

130 859 191 885 contra
204 860 287 884 normam
301 846 387 894 regularis
401 837 523 882 observantiae
536 845 557 881 ad
571 845 628 881 carnis
641 844 704 881 solatia
717 843 821 880 coriaenitis.
835 842 864 877 Di-

129 907 182 944 lectio
196 906 280 943 inonachi
294 905 346 942 (lebet
361 918 398 942 esse
412 904 473 948 solida,
484 914 501 941 et
511 903 531 940 ab
541 905 590 941 otnni
604 904 747 952 transgressione
760 901 863 949 disciplinae

129 966 214 1015 regularis
230 965 357 1011 reinotissima,
371 965 457 1013 quoniam
470 965 504 1000 nisi
519 964 594 1000 charitas
608 974 657 1000 tauta
675 962 728 999 fuerit
745 975 754 998 a
770 960 863 1008 colloquiis

129 1025 234 1072 carnalibus,
250 1027 310 1075 ignem
324 1027 341 1062 in
355 1039 374 1062 se
388 1039 425 1062 non
438 1024 492 1061 habet
503 1025 559 1062 diuini
572 1025 643 1061 amoris.
657 1024 761 1060 Eaaruinate
774 1034 821 1058 nunc
830 1020 864 1056 fra·

128 1096 163 1123 tres
177 1095 234 1121 restra
248 1084 344 1133 colloquia,
358 1094 374 1121 et
388 1085 402 1120 si
417 1083 471 1121 corda
484 1082 562 1120 habeatis
572 1084 626 1119 etiam
635 1083 652 1118 in
666 1094 706 1118 uera
720 1081 804 1117 charitate
818 1077 864 1115 radi-

129 1155 171 1181 cata.
186 1145 266 1182 Charitas
281 1145 334 1190 eninr,
349 1157 394 1193 quae
408 1142 541 1180 consolationes
557 1143 627 1190 spiritui
641 1151 725 1178 nocentes
739 1140 767 1177 vel
781 1139 809 1176 dat
823 1150 864 1187 pro-

127 1205 181 1247 ximo,
195 1203 222 1240 vel
236 1204 309 1251 recipit,
319 1216 409 1251 nunquam
424 1203 491 1239 sincera
505 1201 544 1239 fuit.
559 1203 624 1239 Curate
641 1202 694 1250 igitur
713 1200 777 1236 mentis
791 1197 862 1235 oculum

127 1275 163 1299 non
177 1262 198 1299 ad
213 1263 269 1298 carnis
284 1261 442 1311 pulchrittulihem,
457 1262 487 1299 sed
501 1263 562 1310 potius
577 1261 598 1298 ad
612 1262 681 1297 animae
695 1258 863 1307 contemplationem

128 1322 211 1370 dirigere,
226 1322 239 1357 si
254 1332 301 1358 recte
315 1322 369 1358 uultis
388 1322 496 1369 proximum,
511 1331 528 1358 et
545 1320 657 1358 laudabiliter
674 1333 737 1357 anurre.
752 1320 798 1356 Caro
816 1318 862 1354 enirn

129 1395 168 1418 cum
182 1382 221 1417 sine
239 1390 321 1428 respectu
339 1382 408 1417 animae
422 1380 506 1429 diligitur,
521 1393 557 1417 non
570 1380 645 1426 sincera,
659 1379 689 1416 sed
703 1378 782 1423 carnalis,
796 1387 813 1413 et
831 1378 863 1413 irn-

127 1453 171 1488 pura
184 1439 256 1476 dilectio
270 1450 370 1488 generatur.
386 1440 485 1476 Considera
499 1440 571 1476 fratrem
585 1449 635 1476 tuum
655 1440 731 1476 animam
749 1436 780 1474 tibi
797 1436 862 1473 habere

127 1499 247 1544 consimilem,
262 1510 279 1535 et
292 1512 364 1547 semper
382 1500 446 1548 cogita,
461 1500 545 1549 quoniam
564 1498 679 1536 foelicitatem
697 1496 748 1534 atnbo
767 1497 862 1545 carrectatis

126 1558 222 1607 aequalem.
237 1558 303 1602 Mente,
317 1559 354 1595 siue
368 1560 427 1595 anima
441 1558 569 1607 intelligimus3
581 1559 644 1604 anima,
654 1571 690 1595 raon
700 1570 775 1606 corpore
788 1557 862 1593 inanior-

126 1615 169 1652 tales
182 1629 250 1653 sumus.
265 1616 321 1660 Quod
334 1617 437 1654 immortale
456 1627 488 1664 est,
502 1618 545 1654 alter
563 1616 633 1654 iubetur
646 1619 663 1653 in
679 1616 735 1654 altero
751 1616 831 1665 diligere,
845 1625 863 1651 et

125 1675 146 1712 ad
160 1676 237 1712 animam
251 1676 317 1724 potiuS,
330 1689 383 1725 quam
398 1676 419 1713 acl
433 1690 497 1725 corpus
508 1686 609 1725 respectum
620 1677 709 1713 charitatis
718 1675 806 1712 ordinare.
815 1675 861 1712 Nam

125 1735 177 1771 sicuti
191 1736 266 1781 ratione,
277 1746 293 1771 et
308 1735 398 1772 intellectu
409 1734 483 1772 abrutis
497 1735 602 1773 animalibus
613 1737 735 1782 discernimus,
744 1737 768 1772 ita
782 1735 862 1772 dilectio-

125 1795 151 1830 nis
165 1804 236 1831 nostrae
250 1795 325 1830 intuitus
339 1794 360 1831 ad
373 1804 460 1841 mentem,
470 1809 504 1844 qua
513 1796 636 1844 intelligimus,
646 1809 682 1832 non
696 1795 717 1833 ad
727 1808 797 1843 corpus,
813 1795 861 1844 qaod

126 1866 165 1890 cum
179 1853 240 1889 bestiis
254 1853 340 1890 habemus
355 1866 458 1902 cotnmune,
468 1853 559 1892 referatur.
570 1855 633 1891 Procul
647 1855 682 1892 sint
696 1868 705 1890 a
719 1854 810 1891 rnonachis
824 1867 862 1889 san-

126 1914 157 1949 ctis
172 1926 233 1950 omnes
248 1912 351 1950 affectiones
368 1915 431 1960 carnis,
446 1915 475 1962 qui
489 1924 576 1961 mutuam,
591 1924 608 1950 et
621 1915 709 1951 sinceram
725 1927 760 1951 non
779 1916 861 1964 ignorant

125 1971 205 2020 regulam
221 1972 318 2009 charitatis.
331 1973 357 2010 Sit
370 1986 420 2010 amor
434 1974 452 2009 in
466 1973 570 2010 alterutrum
581 1987 642 2021 ptaruS,
654 1985 720 2019 rectus,
732 1984 748 2011 et
761 1975 795 2011 Dei
805 1974 860 2011 solius

124 2032 189 2067 timore
203 2041 305 2079 conceptus,
315 2043 401 2080 quatenus
415 2031 484 2068 nullum
498 2032 602 2069 interveniat
611 2033 727 2070 commodum
737 2034 761 2070 rei
774 2033 860 2081 corrupti-

124 2089 169 2133 bilis,
184 2091 214 2127 sed
228 2102 331 2138 permaneat
345 2091 422 2140 simplex
435 2092 510 2128 intentio
525 2092 620 2129 charitatis.
631 2092 712 2128 Charitas
721 2105 764 2128 vero
778 2091 860 2139 simplex,

101 2197 102 2201 Ἰ
124 2159 140 2185 et
154 2163 197 2198 pura
211 2150 267 2186 malae
282 2151 418 2198 conspirationis
432 2164 469 2188 non
478 2152 545 2200 quaerit
556 2151 664 2197 diverticula,
674 2164 707 2188 nec
720 2165 738 2188 se
751 2160 808 2188 arrnat
817 2165 859 2188 con-

123 2204 207 2246 tentionis
221 2222 315 2246 rummare
328 2210 349 2246 ad
363 2212 462 2259 iniquitatis
472 2211 621 2248 machinamenta.
632 2212 669 2254 Qui
678 2224 738 2248 veram
753 2212 857 2248 charitatem

123 2266 237 2305 fraternitatis
250 2269 269 2305 in
283 2270 336 2306 corde
350 2283 383 2306 suo
397 2270 482 2318 possidet,
492 2283 553 2318 pacem
567 2270 645 2308 custodit
659 2271 676 2308 in
690 2270 778 2314 omuibus,
789 2280 805 2308 et
818 2271 857 2307 ntal-

123 2324 158 2361 lam
172 2327 236 2364 excitat
248 2329 348 2374 materiam,
358 2329 386 2365 vel
397 2342 466 2365 causam
476 2329 586 2377 perniciosae
596 2329 717 2366 dissensionis.
727 2329 808 2366 Charims
818 2330 857 2366 uni-

123 2386 186 2433 cuique
199 2387 227 2422 ius
241 2400 293 2424 suum
308 2388 419 2436 impendens,
434 2388 478 2425 nulli
491 2388 533 2425 facit
546 2390 634 2435 iniuriam,
649 2401 665 2426 et
684 2403 742 2432 otniae,
757 2389 804 2438 quod
822 2389 855 2426 sibi

122 2457 158 2501 non
171 2445 209 2481 Vult
222 2445 265 2490 fieri,
280 2460 371 2496 ntrnquam
386 2449 402 2484 in
416 2448 488 2484 alterius
501 2448 609 2485 transfundit
623 2462 722 2497 personam.
736 2450 777 2486 Non
795 2450 854 2486 existi·
906 2461 966 2486 cramus

122 2504 173 2539 metis
187 2517 218 2540 vos
231 2517 292 2542 veram
307 2507 411 2544 charitatem
425 2506 489 2544 habere
499 2507 599 2554 fraternam,
614 2508 684 2557 quando
698 2509 802 2545 alterutrum
814 2508 853 2546 dili·
874 2496 966 2565 Ηζζὲῗζῑῗωῃ

122 2563 162 2611 gitis
176 2565 243 2601 intuitu
254 2568 319 2612 carnis,
329 2567 357 2604 uel
371 2568 462 2605 commodi
471 2569 497 2604 rei
506 2568 600 2605 ctaiaslibet
610 2569 719 2617 temporalis,
728 2569 813 2618 quoniam
823 2569 853 2605 nbi
874 2583 887 2623 r·

122 2634 173 2659 causa
186 2622 287 2661 dilectionis
301 2639 336 2663 noa
350 2636 376 2663 est
386 2628 482 2673 Dominus,
493 2641 564 2676 semper
577 2629 649 2666 affectus
659 2629 748 2679 diligentis
758 2640 783 2667 est
797 2630 825 2667 uel
835 2631 852 2666 in

121 2691 175 2728 parte,
189 2683 217 2719 vel
231 2684 248 2719 in
263 2693 302 2721 toto
316 2686 397 2723 uitiosus
412 2687 467 2724 Recte
480 2697 539 2724 autem
553 2687 610 2737 diligit
623 2688 695 2726 fratrem
712 2703 771 2737 suum,
785 2692 815 2739 qui
829 2690 855 2727 di-
