1968 3023
65 477 110 512 Platip.
120 486 132 504 2.

64 898 132 924 Obedien-

45 933 77 974 tiae
94 941 131 967 prt-

46 976 84 994 cmm,

154 163 187 199 142
360 156 387 202 Dc
399 158 516 195 alamaniam
530 159 678 198 obedientiariae.

153 243 169 271 et
185 234 308 273 fallacissimus
326 247 414 286 apostata,
431 241 510 289 quisquis
528 243 546 278 in
564 241 651 280 coenobio
668 243 721 290 vivit,
737 254 754 281 et
771 255 887 283 conversatur

152 295 190 332 sine
203 295 276 333 humilis
290 297 406 335 subiectionis
417 298 523 338 obedientia,
533 301 632 338 Monachus
646 303 693 339 enim
702 302 740 339 sine
751 302 852 352 obedientia
861 314 888 342 est

152 366 253 393 monstrum
267 355 339 404 diaboli,
349 368 366 395 er
378 359 408 408 qui
420 360 519 408 praeceptis
533 361 622 398 maiorum
636 362 737 409 reluctatur,
746 375 812 412 poenas
825 363 885 402 haere·

152 414 214 452 ditabit
227 416 297 454 inferni.
311 418 372 455 Vitam
387 428 467 456 aeternae
484 418 584 458 foelicitatis
601 420 721 459 inobedientia
739 422 792 470 primi
808 422 887 461 hominis

152 473 172 512 ab
187 476 239 513 initio
252 476 336 525 perdidit,
346 490 398 527 quam
413 477 513 516 obedientia
526 480 565 517 lesu
575 480 641 518 Christi
655 482 748 530 reparavit.
760 483 798 531 Ipse
811 495 887 532 namque

152 534 209 572 lactus
223 547 250 573 est
263 549 295 585 pro
309 535 360 574 nobis
374 539 418 586 patri
432 536 516 575 obediens
530 552 585 589 usque
599 540 620 577 ad
634 550 717 587 mortem,
730 550 747 578 et
760 555 791 579 sua
805 543 888 590 passione

152 596 299 633 innocentissima
313 596 364 634 nobis
378 598 461 634 amissam
476 598 552 636 restituit
565 597 687 637 foelicitatem.
697 600 748 638 Unde
761 602 793 638 iter
807 600 828 638 ad
842 601 887 638 salu-

152 667 187 693 tem
200 666 226 693 est
235 656 308 692 humilis
318 655 422 701 obedientia,
432 667 495 694 sancto
504 658 606 708 legislatore
618 671 680 698 nostru
689 660 786 697 Benedicto
795 660 888 707 clamante,

152 718 170 754 in
183 715 250 764 regula.
264 715 351 752 Ausculta
367 728 378 751 o
392 715 416 753 lili
430 726 523 766 praecepta
539 719 629 766 magistri,
643 729 660 756 et
673 718 737 756 inclina
753 731 814 756 aurem
830 720 888 757 cordis

152 776 184 823 tui,
194 784 211 812 et
225 775 367 813 admonitionem
381 776 405 824 pii
418 778 473 825 patris
484 776 559 815 libenter
571 779 636 827 accipe,
646 789 662 816 et
676 778 770 816 efficaciter
784 780 859 829 comple,
868 789 888 817 ut

153 836 174 873 ad
184 848 225 872 eum
235 848 265 885 per
275 834 387 872 obedientiae
396 835 474 874 laborem
485 836 552 885 redeas,
562 852 571 875 a
580 851 615 887 quo
624 852 655 888 per
665 831 793 877 inobedientiae
802 839 887 877 desidiam

153 896 247 933 recessisti,
261 894 369 932 Obedientia
387 905 412 932 est
426 895 477 933 arbor
491 907 571 935 aeternae
585 897 654 945 salutis,
668 911 713 947 quae
727 899 790 936 crescit
803 899 821 936 in
834 899 888 937 horto
922 922 927 926 -

152 956 262 993 monasticae
280 954 391 991 humilitatis.
408 953 514 992 Obedientia
532 967 558 993 esr
575 957 648 1006 spiritus
664 958 720 994 sancti
736 957 856 1006 domicilium,
870 968 887 996 et

152 1017 233 1066 quietum
242 1013 339 1052 voluntatis
352 1014 434 1063 propriae
449 1015 570 1063 sepulchrum.
581 1015 690 1054 Obedientia
703 1026 729 1054 est
738 1030 823 1067 supernae
836 1018 888 1056 foeli-

153 1076 210 1113 citatis
223 1074 318 1121 meritum,
332 1085 349 1111 et
362 1074 434 1111 unicum
449 1076 558 1112 monasticae
575 1074 677 1124 disciplinae
691 1076 825 1115 documentum.
839 1077 887 1115 Obe-

153 1136 218 1173 dientia
236 1145 261 1173 est
277 1134 369 1181 elationis,
384 1143 400 1171 et
417 1134 511 1183 superbiae
524 1136 583 1173 omnis
600 1137 734 1184 exterminium,
748 1147 765 1175 et
783 1146 887 1175 cunctorum

153 1194 263 1244 persecutrix
276 1194 369 1231 vitiorum,
383 1192 489 1231 Obedientia
504 1207 577 1232 omnem
590 1196 645 1232 vincit
660 1195 756 1244 malitiam,
771 1205 788 1234 et
806 1206 887 1234 cunctam

153 1254 242 1303 extinguit
256 1254 312 1291 carnis
326 1244 445 1291 inordinatam
457 1254 573 1303 voluptatem.
584 1254 690 1293 Obedientia
700 1269 768 1305 puram,
778 1266 795 1293 et
803 1257 888 1295 mundam

152 1315 193 1352 facit
203 1314 338 1360 conscientiam,
349 1324 366 1351 et
375 1326 435 1350 veram
447 1315 465 1351 in
475 1323 534 1351 mente
544 1324 637 1353 conservat
646 1314 771 1354 humilitatem.
781 1315 887 1354 Obedientia

153 1383 179 1412 est
192 1374 262 1411 animae
271 1372 373 1410 vulneratae
386 1373 491 1420 remedium,
501 1383 518 1410 et
528 1376 583 1411 totius
592 1373 713 1412 observantiae
727 1376 835 1413 monasticae
848 1376 887 1413 fun-

153 1433 262 1471 damentum.
272 1430 380 1469 Obedientia
387 1441 414 1468 est
427 1432 510 1469 omnium
522 1431 610 1471 honorum
620 1446 694 1481 operum
708 1433 765 1471 fidelis
774 1433 861 1481 custodia,
872 1444 888 1472 et

152 1493 232 1530 sincerae
249 1492 314 1529 mentis
332 1490 430 1539 disciplina.
447 1491 554 1529 Obedientia
570 1502 595 1529 est
613 1491 755 1530 mortificationis
773 1493 888 1543 principium,

152 1562 169 1589 et
183 1551 283 1600 gloriosum
298 1551 381 1588 monachi
395 1559 527 1588 ornamentum.
539 1550 647 1589 Obedientia
660 1562 686 1589 est
700 1553 820 1589 conservatrix
834 1554 887 1601 patio,
911 1552 912 1555 ’

152 1620 169 1649 et
184 1611 297 1656 concordiae,
312 1611 349 1648 sine
363 1623 397 1659 qua
410 1612 462 1660 vigor
475 1612 521 1659 perit
537 1612 645 1649 monasticae
659 1611 767 1660 disciplinae.
782 1611 888 1650 Obedientia

152 1672 218 1709 mentis
235 1673 292 1709 aciem
309 1671 330 1708 ad
340 1667 405 1708 ¹Deum
423 1683 494 1720 semper
512 1671 582 1721 dirigit,
596 1673 656 1720 etqui
670 1684 711 1708 vere
728 1671 846 1710 mortificatus
863 1681 888 1709 est

152 1734 220 1780 animo,
235 1741 298 1768 cuncta
315 1731 368 1768 huius
385 1731 447 1769 mundi
463 1731 527 1768 solatia
543 1732 646 1769 contemnit.
661 1730 767 1770 Obedientia
781 1732 888 1769 monachum

152 1793 193 1830 facit
205 1793 245 1830 Deo
254 1786 363 1841 proximum,
374 1801 391 1827 et
400 1804 409 1827 a
419 1791 487 1828 cunctis
501 1792 570 1829 anianae
583 1790 665 1828 sordibus
675 1791 737 1839 procul
747 1791 830 1829 alienum.
840 1790 888 1829 Obe-

152 1853 218 1890 dientia
232 1862 258 1890 est
271 1851 340 1888 animae
355 1852 413 1898 decor,
424 1861 440 1888 et
451 1850 577 1888 indumentum
590 1850 735 1899 pulchritudinis,
745 1852 782 1888 sine
792 1864 825 1900 qua
834 1863 888 1888 nemo

151 1910 173 1949 ad
186 1924 262 1961 regnum
274 1912 366 1959 perveniet
379 1921 460 1948 aeternae
471 1909 560 1964 claritatis.
571 1909 678 1947 Obedientia
691 1919 718 1946 est
731 1920 787 1948 mater
796 1910 888 1956 victoriae,

152 1971 212 2020 etqui
226 1971 276 2008 novit
294 1983 326 2019 pro
341 1971 375 2008 Dei
388 1970 457 2008 honore
473 1969 546 2007 subesse
559 1970 662 2017 humiliter,
675 1970 756 2018 anartyrii
770 1982 856 2007 coronam
870 1971 888 2007 in

152 2029 205 2068 coelis
224 2040 350 2079 consequetur.
364 2029 473 2067 Obedientia
489 2030 598 2067 monachum
616 2029 701 2067 discernit
718 2043 727 2066 a
744 2028 812 2075 seculo,
825 2038 842 2065 et
858 2029 889 2078 qui

152 2102 191 2127 eam
206 2090 287 2138 sequitur
302 2090 320 2125 in
335 2099 374 2126 toto
391 2088 444 2126 corde
460 2101 499 2136 suo,
513 2101 588 2138 magnus
605 2089 637 2125 erit
654 2100 715 2126 coram
730 2088 823 2138 altissimo.
834 2087 888 2125 'Obe-

152 2149 218 2186 dientia
232 2158 258 2185 est
272 2147 379 2185 christianae
393 2148 506 2196 perfectionis
522 2148 660 2194 consummatio,
669 2149 687 2184 in
701 2147 750 2183 cuius
764 2146 828 2184 humili
839 2159 888 2196 erga-

151 2210 205 2246 sterio
220 2217 287 2258 quanto
301 2208 400 2245 monachus
413 2208 489 2257 amplius
503 2206 607 2257 profecerit,
618 2217 667 2244 tanto
681 2207 757 2243 sanctior
768 2206 830 2243 evadit.
840 2205 888 2244 Obe-

152 2269 216 2307 dientia
235 2279 262 2306 est
275 2278 323 2305 certa
339 2269 357 2305 in
373 2267 417 2305 hora
433 2268 496 2305 mortis
514 2268 609 2314 securitas,
623 2266 708 2316 quoniam
726 2275 776 2303 tanto
790 2266 888 2303 monachus

152 2329 193 2366 hinc
206 2329 315 2377 migraturus
329 2326 406 2365 evolabit
420 2328 506 2374 securior,
520 2336 587 2376 quanto
603 2325 636 2363 fuir
650 2327 671 2363 ad
684 2324 804 2362 obedientiam
817 2325 888 2363 manda-

151 2398 212 2424 torum
227 2388 310 2436 paratior.
325 2383 433 2424 Obedientia
446 2397 473 2423 est
486 2386 615 2424 remuneratrix
629 2383 730 2431 humilium,
744 2394 761 2421 et
774 2385 888 2433 praecipuum

151 2448 221 2497 insigne
234 2448 347 2485 meritorum.
357 2444 464 2484 Obedientia
477 2455 504 2482 est
517 2458 581 2483 norma
594 2445 701 2482 christianae
715 2444 861 2491 mansuetudinis,
871 2452 888 2481 et

151 2507 271 2544 fortissimum
288 2508 369 2544 internae
385 2507 515 2543 nutrimentum
533 2505 628 2543 charitatis,
643 2503 749 2542 Obedientia
762 2514 788 2542 est
802 2504 887 2541 castitatis

151 2565 280 2612 umbraculum,
293 2575 310 2602 et
324 2566 438 2603 innocentiae
451 2566 533 2614 puritatis
547 2574 680 2602 ornamentum.
690 2562 795 2601 Obedientia
809 2572 835 2600 est
849 2576 887 2600 mo-

150 2625 248 2663 nachorum
261 2626 353 2673 sapientia,
363 2636 380 2662 et
393 2626 505 2675 acquiescere
520 2624 607 2663 mandatis
621 2623 740 2673 praelatorum
754 2635 824 2660 summa
838 2621 886 2659 clau-

152 2685 233 2723 stralium
246 2685 365 2734 philosophia.
381 2684 494 2731 Obedientia,
504 2695 521 2722 et
534 2684 624 2722 humilitas
638 2684 769 2721 monachorum
782 2691 824 2719 sunt
839 2694 888 2731 opes,
