1968 3023
161 181 183 217 92
345 171 371 208 Dc
384 167 482 221 quotidiam
491 177 596 221 peccatorum
610 171 707 221 expiatione.

160 250 181 287 ad
195 249 279 287 futuram.
291 250 350 288 Huius
363 251 410 288 vitae
424 251 515 289 fructuosa
529 261 555 288 est
567 251 685 299 poenitentia,
700 260 717 287 et
730 250 830 287 voluntaria
843 251 894 287 satis·

160 308 223 357 factio,
237 310 315 348 multum
328 323 399 360 quoque
417 311 517 349 meritoria:
536 320 577 358 post
594 320 671 347 monem
688 322 731 346 vero
748 322 784 346 non
798 310 831 346 erit
844 309 894 348 locus

160 369 269 418 poenitendi,
282 370 313 407 sed
326 370 450 419 tannsqttisque
463 381 505 407 tunc
518 371 598 420 recipiet,
610 380 663 419 prout
676 370 731 420 gessit
740 370 756 407 in
767 383 842 419 corpote
855 383 894 417 suo,

160 431 197 468 sive
208 430 287 477 bonum,
302 430 339 468 sive
353 430 426 468 tnaluut.
440 430 489 467 Haec
503 429 566 467 iratres
580 430 667 479 cogitate,
682 429 725 467 dum
738 430 776 467 sani
789 429 859 475 vivitis,
872 442 894 467 ne

161 491 224 528 mortis
238 490 313 539 imperio
328 490 452 540 praeoccupati
466 502 506 526 sero
520 488 591 526 tandem
605 489 686 527 doleatis.
700 488 780 526 Dubium
792 501 829 526 non
843 502 894 539 erpe-

101 560 107 572 ⁶
161 559 196 587 ctet
210 550 306 587 crastinum
320 549 367 585 salus
380 548 476 595 hodierna,
490 558 518 595 et,
533 548 563 598 qui
577 547 656 586 debitum
673 558 732 599 potest
750 562 791 586 cum
807 549 864 597 gratia
876 550 894 585 in

77 1925 117 1951 Extra
125 1923 140 1950 fi-

51 1959 81 1986 dem
91 1959 140 1985 Cirrisri

50 2003 78 2020 non
89 2001 109 2020 est
120 2002 139 2020 sa·

50 2028 75 2056 lus.

160 609 241 647 libertate
254 608 330 655 solvere,
344 622 380 646 rton
394 621 412 644 se
426 608 503 658 patiatur
513 607 534 645 ad
544 621 633 645 carcerem
643 608 688 645 trahi
698 621 739 646 cum
748 617 822 646 tortura.
832 608 893 652 Quan-

160 680 199 706 tum
213 669 288 718 quisque
300 677 360 717 potest
374 667 390 704 in
404 667 454 704 orttni
467 668 548 713 virosus,
559 677 628 705 tontum
638 677 688 704 curet
701 668 802 706 satisfacere
812 680 845 717 pro
854 666 894 718 pecss

162 728 210 772 catis,
224 728 308 776 quonlam
322 739 394 763 securus
408 726 429 764 ad
442 727 542 764 Dominum
556 728 629 777 spiritus
642 728 748 773 reuertitur,
763 728 792 776 qui
805 726 863 765 adhuc
875 728 893 764 in

161 799 236 836 corpore
249 787 326 823 existens
340 799 371 835 per
384 786 443 835 ignem
458 786 519 824 Divini
533 787 598 824 aratoris
614 787 694 836 quotidie
712 797 803 836 purgatur.
819 786 893 824 Habetis

160 847 189 884 hic
201 846 272 893 locum,
286 846 351 895 inquo
366 844 477 894 publicorum
492 856 573 883 reatuum
587 846 690 896 quotidiana
707 846 783 895 expiatio
797 846 865 896 agitnr;
878 847 893 883 si

160 919 220 944 veram
235 916 252 942 et
265 905 352 942 humilem
366 906 458 942 tenueritis
472 907 490 942 in
504 906 563 943 animo
574 906 683 954 patientiam,
693 914 759 942 certam
769 904 893 954 proculdubio

160 964 295 1015 consequemini
304 966 385 1002 omnium
399 965 530 1002 remissionem.
543 965 578 1002 Pro
592 966 664 1003 secretis
674 977 722 1009 atero,
733 975 749 1002 et
762 963 836 1001 occultis
850 964 892 1014 quid

160 1038 213 1074 agere
227 1024 313 1071 debeatis,
327 1037 363 1062 non
377 1024 435 1062 solnm
449 1024 510 1074 regula
524 1037 555 1061 vos
569 1024 665 1071 admonet,
680 1024 711 1061 sed
725 1024 778 1061 etiam
791 1023 893 1073 quotidiana

161 1084 250 1123 confessio
264 1083 396 1121 sacramentalis
406 1084 427 1121 ad
436 1085 498 1121 omunia
507 1084 597 1122 informat.
610 1084 638 1121 Ad
647 1083 702 1121 altare
710 1096 780 1133 nanque
793 1083 827 1120 Dei
835 1081 892 1120 filiurn

160 1143 240 1194 quotidie
254 1143 318 1191 singuli
333 1142 503 1180 devoteimmolare
518 1143 650 1187 consuevimus,
664 1143 686 1180 nd
699 1142 747 1192 quod
760 1154 892 1180 sacrosanctum

160 1203 266 1252 mysterium
279 1215 333 1239 laertio
346 1212 427 1239 nostrum
440 1202 514 1259 accedit,
527 1202 562 1238 nisi
574 1202 623 1251 prius
637 1215 658 1239 err
672 1215 722 1240 more
737 1201 836 1248 confessus,
849 1216 892 1252 quo-

160 1261 208 1297 niam
222 1272 291 1297 surnaria
305 1260 372 1309 puritas
385 1260 486 1309 requiritur.
497 1259 527 1296 ubi
536 1259 583 1296 salus
592 1273 624 1308 per
635 1262 708 1297 missam
722 1262 777 1298 totius
791 1259 853 1297 mundi
865 1273 892 1298 re·
911 1278 912 1281 ¹

161 1329 243 1357 novatur.
257 1320 303 1363 Quis
317 1320 362 1356 inter
376 1318 418 1355 haec
431 1328 521 1364 nostrum,
534 1318 596 1355 iratres
606 1319 730 1366 annuntissimi,
740 1319 819 1369 quotidie
832 1320 850 1356 in
858 1320 892 1357 Dei

160 1392 221 1417 arnorc
234 1392 271 1416 non
288 1379 369 1428 proficiat
373 1407 379 1424 ,
396 1377 431 1414 nisi
448 1390 521 1415 ortruem
539 1376 645 1426 proficiendi
657 1379 756 1427 appetitum
774 1379 858 1427 turpiter,
871 1391 891 1415 ac

160 1439 241 1488 paenitus
254 1437 343 1486 deponat?
356 1436 420 1474 Audeo
433 1449 510 1485 nautaque
524 1435 591 1481 dicere,
605 1438 646 1486 quit
660 1437 770 1483 Monachus,
783 1437 813 1486 qui
828 1438 847 1474 in
859 1436 892 1475 hac

159 1507 220 1535 sancta
233 1498 371 1546 congregatione
384 1507 421 1532 raon
433 1494 511 1544 proficit,
522 1495 583 1532 salutis
596 1497 679 1545 proptiae
692 1496 772 1545 paenitus
782 1497 893 1540 convincitur

160 1556 232 1594 oblitus.
246 1555 317 1592 Credite
331 1555 376 1592 milti
390 1554 562 1601 transmeantem
576 1554 625 1591 Deus
638 1555 714 1593 salvabit
727 1556 816 1593 invitum:
831 1556 846 1593 si
859 1569 891 1593 vos

159 1616 259 1666 profectum
273 1614 388 1664 neglexeritis
402 1614 502 1662 proprium,
514 1627 550 1651 non
563 1613 594 1658 1111,
608 1615 639 1652 sed
648 1615 698 1652 vobis
708 1614 829 1664 imputabitur.
842 1616 892 1654 Deus

160 1678 207 1714 enirn
221 1676 281 1712 lumen
296 1685 322 1711 est
334 1673 460 1717 intellectuale,
471 1673 519 1722 quod
532 1673 621 1710 illuminat
632 1687 705 1712 omnem
718 1674 811 1711 hominem
820 1677 892 1713 venien-

159 1746 196 1773 tem
209 1736 227 1772 in
241 1735 288 1771 hunc
302 1732 398 1777 mundum,
412 1734 459 1769 sicut
472 1732 565 1770 altivolans
581 1733 638 1783 inquit
650 1734 734 1772 Ioannes:
748 1734 779 1783 qui
792 1743 852 1772 autem
865 1735 891 1772 lu·
944 1765 946 1768 ,

160 1808 201 1833 men
214 1807 250 1831 non
263 1793 356 1842 recipiunt,
370 1793 387 1829 in
402 1791 478 1829 tenebris
491 1793 592 1829 necessario
605 1803 746 1841 permanserunt.
762 1793 799 1838 Qui
813 1804 891 1831 mentem

160 1867 210 1891 snam
224 1853 286 1890 avertit
299 1851 367 1905 allide,
382 1864 427 1901 quae
440 1860 467 1888 est
480 1851 498 1903 in
511 1850 548 1888 filio
562 1852 601 1895 Dei,
615 1861 675 1888 montet
691 1851 808 1890 intenebris:
822 1862 847 1897 et,
861 1854 892 1902 qui

160 1926 195 1950 non
209 1911 251 1949 facit
264 1923 318 1959 opera
331 1911 385 1956 lucis,
398 1909 443 1946 nihil
456 1908 500 1946 fides
518 1911 534 1947 ei
547 1910 627 1959 proderit
640 1910 661 1947 ad
675 1911 756 1948 salutem.
773 1911 824 1949 Extra
837 1912 891 1950 fidem

160 1973 235 2009 Domini
248 1970 304 2007 nostri
318 1969 357 2005 Iesu
371 1968 438 2016 Christi
451 1977 523 2005 nonest
535 1967 590 2005 salus:
605 1977 623 2005 et
636 1969 666 2017 qui
679 1968 729 2006 aliter
742 1970 802 2017 sentit,
815 1984 851 2008 nort
865 1981 891 2008 est

160 2031 278 2069 Christianus.
296 2030 337 2067 Non
353 2037 371 2065 te
384 2027 455 2064 seducat
469 2042 480 2065 o
494 2028 549 2065 homo
563 2028 633 2076 pietatis
651 2027 714 2065 stultae
730 2028 858 2075 consideratio,
872 2041 891 2068 ut

160 2090 220 2129 credas
234 2090 310 2138 aliquem
328 2098 377 2125 extra
393 2086 447 2124 fidem
465 2087 532 2125 Christi
549 2088 568 2124 in
583 2086 663 2136 qualibet
679 2087 764 2137 religione
780 2089 889 2135 salvantium,

159 2147 289 2200 quantumlibet
302 2148 349 2183 vivat
367 2148 479 2190 innocenter,
494 2145 522 2183 vel
535 2146 557 2182 ad
573 2146 632 2195 legem
647 2157 730 2185 naturae:
744 2149 828 2196 quoniam
845 2150 891 2187 sicut

159 2220 209 2248 extro
222 2210 262 2246 Noe
270 2220 329 2245 arcam
343 2219 379 2244 nort
392 2206 424 2243 fuit
437 2206 540 2243 lrorniuibus
551 2207 593 2252 vita,
606 2207 631 2243 sic
642 2216 690 2244 extra
703 2207 756 2244 fidem
770 2208 889 2247 Christianam

155 2283 192 2306 non
206 2279 232 2306 cst
245 2267 354 2305 alituisalus
364 2265 448 2303 advitam
458 2272 554 2303 aeterriam,
568 2266 649 2303 Christus
660 2267 707 2303 eninr
720 2267 753 2304 Dei
763 2267 809 2304 filius
821 2269 889 2315 u'nicus,

159 2338 175 2366 et
189 2326 237 2365 solus
255 2325 333 2363 salvator
346 2335 372 2361 est
389 2324 459 2367 nturrdi,
474 2324 491 2360 ln
509 2337 562 2373 quem
577 2325 684 2373 quicumque
697 2338 734 2362 non
747 2326 851 2372 crediderit,
865 2329 890 2365 irn

101 2401 103 2403 ’
157 2389 191 2426 Dei
204 2396 264 2424 tutariet
280 2398 333 2434 super
346 2384 407 2428 illum,
424 2394 442 2420 et
458 2396 498 2420 cum
515 2383 586 2420 aiinbolo
603 2383 756 2422 condemnabitur.
770 2386 808 2423 Vos
825 2397 889 2432 autem,

158 2447 221 2485 fratres
234 2447 277 2492 mei,
292 2444 321 2494 qui
331 2446 365 2481 iam
376 2444 393 2481 in
402 2444 501 2481 Dominum
512 2452 594 2479 nostrum
607 2443 665 2480 Iesum
676 2444 767 2482 Christum
777 2446 853 2493 creditis,
866 2447 890 2483 ita
933 2440 935 2443 ⁵

158 2519 227 2557 precor,
241 2506 323 2554 deinceps
337 2506 397 2549 vivite,
411 2514 431 2540 ut
444 2505 530 2549 nomine,
545 2513 562 2540 et
576 2516 629 2552 opere
643 2503 747 2549 Christiani,
762 2505 783 2542 ad
797 2507 834 2543 eius
848 2520 889 2544 con-

159 2568 234 2605 sortium
248 2567 340 2616 pervenire
353 2564 431 2608 valeatis,
441 2565 472 2613 qui
485 2564 535 2609 vivit,
546 2574 563 2600 et
576 2575 639 2612 regnat
652 2577 692 2601 curn
705 2565 745 2603 Deo
757 2566 809 2603 Patre
822 2566 840 2603 in
853 2568 889 2604 urri-

159 2637 194 2665 tate
208 2627 280 2676 spiritus
294 2626 345 2669 santi,
360 2625 414 2669 Deus,
428 2635 459 2673 pet
472 2623 533 2660 orrrrria
545 2622 615 2660 saecula
628 2624 746 2663 saeculorum.
