1968 3023
425 152 501 190 Humilia
515 151 582 188 XXIII.
840 149 872 193 165

138 238 212 275 ebrietas
227 237 306 273 animae?
320 247 416 284 perquam
431 233 485 270 homo
499 245 509 268 a
523 231 592 268 cunctis
607 229 758 267 consolationibus
772 228 833 266 mundi
848 241 873 264 ra-

138 298 192 347 pitur,
203 308 220 333 et
234 297 283 346 quasi
297 295 341 332 nihil
354 294 423 338 sentiat,
433 291 475 342 quid
485 300 538 339 agant
552 289 644 333 mortales,
656 289 673 325 in
687 289 725 325 solo
735 289 807 336 spiritus
818 288 873 326 sancti

137 358 221 394 conuiuio
235 356 322 405 epulatur.
333 355 368 399 Qui
382 365 433 389 uerus
443 352 477 388 Dei
491 361 561 387 amator
571 359 598 385 est
611 348 716 393 monachus,
726 361 798 384 ornnem
812 346 873 383 mundi

137 418 266 460 curiositatem,
285 414 437 463 mundialiumque
455 423 515 447 rernm
533 408 673 446 sollicitudinem
693 417 766 456 propter
781 407 873 444 Christum

137 476 226 525 deposuit,
235 485 252 511 et
262 475 310 524 quasi
324 487 359 511 non
373 473 441 515 sentiat,
452 483 515 509 ornnes
529 481 611 506 curatum
621 468 726 517 punctiones
735 467 804 503 animae
818 477 873 502 trans-

138 536 201 572 cendit.
212 535 257 571 Mihi
267 548 306 571 cum
315 532 402 581 tlpostolo
413 531 481 573 clamat,
490 529 569 566 mundus
579 527 675 564 crucifixus
685 538 718 572 est,
729 536 745 563 et
755 539 788 574 ego
800 525 873 563 mundo.

137 596 154 632 O
168 596 230 632 vinum
245 593 300 629 diuini
311 592 382 637 amoris,
393 603 445 639 quam
459 589 535 625 dulciter
544 586 627 632 inebrias,
637 599 690 636 quam
701 587 801 628 innocentes
815 586 874 631 satias,

137 648 190 702 quam
204 653 293 699 sapienter
308 649 390 694 iniatuas,
405 661 456 696 quam
471 658 517 684 caste
531 646 637 684 inflammas.
652 646 717 683 Omnis
732 646 784 689 enim,
799 646 828 694 qui
842 655 873 682 tuo

112 719 118 729 ¹
137 725 200 759 sapore
210 709 305 747 inebriatus
320 708 378 751 luerit,
392 707 412 743 ab
427 709 475 744 omni
485 707 564 743 tumultu
579 706 676 742 carnalium
688 705 800 753 voluptatum
814 717 873 753 segre-

137 780 189 820 gatus
204 771 221 805 in
234 768 295 805 umbra
305 768 361 803 sancti
374 767 445 814 spiritus
455 766 529 802 dulciter
539 765 620 815 quiescit.
630 766 786 814 Propterrnimianr
801 765 873 813 spiritus

138 828 246 870 ebrietatem,
257 825 361 868 carnalibus,
376 836 392 862 et
406 825 499 861 mundanis
509 825 566 861 aliena
575 825 660 872 loquitur,
671 834 687 861 et
701 825 744 861 nihil
758 837 779 860 ex
792 837 822 862 ore
836 826 873 860 eius

138 889 178 924 Deo
192 887 301 923 contrarium
316 884 393 921 auditur.
403 884 451 920 Haec
466 893 491 919 cst
505 884 542 921 uini
556 884 653 931 spiritualis
667 883 780 920 immaculata
794 885 873 929 satietas,

138 959 183 995 quae
197 958 228 994 per
238 944 345 982 desiderium
355 954 405 980 tanto
414 945 470 992 tnagis
480 943 588 989 extenditur,
598 953 664 992 quanto
674 943 741 980 diutius
755 945 873 980 continuatur

137 1005 155 1042 Ο
169 1015 234 1047 sancta,
248 1014 265 1039 et
278 1002 377 1039 veneranda
391 1002 457 1039 Christi
471 1003 556 1038 amatoris
572 1002 683 1050 simplicitas,
698 1015 742 1051 quae
760 1003 792 1038 etsi
806 1001 874 1047 multis,

138 1064 168 1113 qui
177 1074 247 1100 terrena
257 1064 333 1111 sapiunt,
343 1062 423 1098 videatur
433 1052 470 1098 esse
481 1061 562 1106 stultitia,
572 1073 633 1098 coram
642 1062 682 1098 Deo
691 1072 757 1107 tamen,
767 1072 783 1098 et
793 1060 875 1099 omnibus

138 1124 203 1159 sanctis
217 1123 254 1158 eius
265 1122 348 1164 maxima,
359 1131 375 1157 et
389 1133 430 1156 vere
439 1133 509 1156 summa
524 1129 550 1156 est
564 1120 656 1167 sapientia.
665 1120 734 1156 Habeat
743 1120 820 1157 mundus
833 1133 874 1168 pru-

139 1181 217 1218 dentiam
236 1194 292 1224 suam,
307 1179 370 1217 habeat
388 1180 472 1225 honores,
486 1178 589 1226 dignitates,
605 1188 657 1227 atque
675 1178 750 1225 divitias,
764 1192 797 1228 ego
814 1189 874 1216 autem

138 1241 224 1289 eligerem
238 1235 485 1287 unius'simplicis'monachi
499 1239 558 1274 Deum
571 1240 659 1274 veraciter
676 1238 765 1287 diligentis
782 1240 874 1285 meritum,

138 1300 197 1347 potius
212 1312 265 1347 quam
278 1299 333 1336 totius
346 1297 409 1334 inumli
422 1298 548 1346 principatum.
562 1298 620 1333 Amor
632 1298 665 1334 Dei
679 1308 696 1334 et
710 1312 779 1334 sunnna
793 1298 875 1346 uoluptas

141 1368 167 1395 est
181 1358 241 1399 animi,
256 1368 273 1393 et
286 1369 356 1404 semper
375 1357 480 1401 castissima,
494 1356 544 1392 cuius
563 1355 664 1392 incendium
682 1367 761 1393 mentem
779 1357 874 1402 illuminat,

139 1406 244 1454 eiusetiam
262 1416 345 1453 affectum
363 1416 442 1452 suaviter
460 1414 564 1451 inflammat.
578 1415 636 1453 Amor
648 1416 682 1452 Dei
696 1416 736 1453 ions
755 1416 835 1453 coelestis
849 1427 876 1453 est

138 1477 211 1525 gratiae,
225 1476 267 1524 quia
284 1484 369 1520 mentem,
388 1487 440 1524 quam
460 1475 535 1511 charitas
550 1474 618 1512 Christi
635 1475 700 1512 arando
718 1475 804 1524 purificat,
820 1476 876 1524 gratia

139 1537 195 1573 sancti
212 1536 285 1584 spiritus
304 1535 389 1572 fructibus
407 1535 492 1571 virtutum
512 1535 594 1571 omnium
613 1534 713 1572 foecundat.
727 1538 784 1572 Amor
802 1535 874 1582 Christi,

139 1595 269 1644 omnipotentis
279 1595 312 1631 Dei
325 1596 421 1631 amicitiam
431 1593 534 1631 hominibus
549 1594 638 1641 conciliat,
648 1604 665 1631 et
674 1596 784 1632 voluntatem
794 1609 875 1632 surnnrae

139 1655 237 1691 maiestatis
252 1653 356 1691 mortalibus
371 1653 441 1690 revelat.
452 1655 509 1690 Amor
522 1655 556 1690 Dei
570 1654 677 1691 monachum
688 1656 727 1692 Deo
741 1654 783 1691 iacit
796 1666 875 1703 accepta-

139 1713 200 1760 bilem,
214 1714 255 1762 quia
268 1727 305 1750 non
318 1714 416 1756 scientiam,
431 1726 467 1750 non
481 1714 609 1758 eruditionem,
618 1727 654 1751 non
668 1714 788 1764 eloquentiam
802 1715 876 1763 requirit

138 1787 147 1809 a
161 1772 219 1816 nobis,
233 1772 263 1809 sed
277 1773 386 1809 charitatem.
401 1772 500 1809 Monachus
517 1785 565 1822 ergo,
581 1774 611 1821 qui
624 1786 643 1809 se
656 1774 736 1822 Domino
749 1775 788 1811 Deo
806 1774 876 1822 publice

93 1874 96 1877 ¹
139 1832 246 1877 immolavit,
259 1831 303 1868 nihil
320 1830 371 1868 debet
389 1844 454 1875 curate,
468 1831 503 1868 nisi
516 1832 581 1874 Deum,
596 1845 618 1868 ne
633 1845 663 1868 cor
676 1833 755 1870 videatur
773 1833 837 1870 habere
850 1833 876 1869 di-

139 1892 205 1936 visum,
216 1892 300 1939 quoniam
312 1891 357 1927 sicut
366 1891 414 1927 Deus
428 1900 454 1927 est
464 1904 515 1936 unus,
530 1892 553 1927 ita
568 1904 619 1927 amor
632 1892 650 1927 in
659 1893 718 1929 Deum
728 1905 763 1929 non
777 1892 828 1930 debet
838 1907 876 1930 esse

139 1951 212 1988 divisus.
222 1952 268 1987 Hinc
279 1964 327 1988 sacer
337 1951 393 1999 inquit
401 1951 471 1998 praesul
481 1951 606 1999 Augustinus:
621 1952 681 1988 Minus
695 1962 717 1996 te,
727 1954 812 1999 Domine,
823 1965 876 2000 amat,

139 2011 169 2059 qui
183 2002 249 2059 aliquid
262 2022 321 2047 tecum
335 2020 389 2056 amat,
403 2010 451 2058 quod
465 2020 538 2058 propter
552 2020 569 2047 te
583 2023 619 2047 non
633 2021 685 2048 amat.
699 2012 749 2049 Sicut
758 2013 806 2049 Deus
820 2012 876 2061 perl-

126 2065 127 2068 ¹
140 2079 178 2105 ctus
192 2078 224 2115 est,
235 2070 258 2105 ita
272 2070 326 2106 etiam
339 2082 349 2105 a
362 2068 412 2106 nobis
427 2079 452 2105 est
467 2079 504 2105 tota
517 2068 625 2106 fortitudine
638 2070 728 2112 amandus,
742 2072 825 2119 quoniam
840 2084 876 2108 non

139 2138 189 2166 recte
204 2128 289 2177 diligitur,
304 2130 374 2177 quoties
387 2138 456 2176 praeter·
470 2129 528 2176 ipsum
544 2141 584 2164 cum
598 2129 638 2177 ipso
651 2128 717 2178 aliquid
732 2139 806 2167 anratur.
819 2130 877 2167 Amor

139 2188 173 2223 Dei
186 2199 228 2224 tunc
238 2198 285 2224 recte
295 2186 415 2236 progreditur,
426 2182 497 2236 quando
511 2188 527 2223 ei
541 2187 591 2230 nihil,
602 2187 649 2237 quod
659 2201 699 2224 eum
707 2187 800 2230 ¹debilitare
814 2190 875 2237 possit,

140 2246 254 2283 admiscetur.
268 2246 394 2295 Unusquisque
407 2256 492 2291 uestrum,
506 2255 593 2294 quantum
608 2256 672 2295 potest,
687 2247 704 2283 in
718 2256 755 2285 tota
771 2247 876 2292 fortitudine

139 2307 205 2343 mentis
219 2319 261 2342 suae
275 2307 373 2343 Dominum
384 2306 441 2342 Deum
456 2318 507 2341 suum
522 2318 576 2353 super
590 2307 650 2342 omnia
664 2306 737 2355 diligere
750 2307 825 2351 studeat,
835 2308 876 2356 quia

139 2364 188 2401 solus
202 2366 220 2401 in
233 2366 292 2402 Deum
305 2378 356 2401 amor
369 2374 403 2409 est,
417 2365 447 2412 qui
460 2363 510 2401 uobis
524 2366 596 2400 ianuam
610 2365 686 2414 paradisi
700 2365 788 2403 reserabit.
803 2367 876 2410 Quanto

140 2425 189 2461 enim
203 2438 250 2462 nunc
263 2427 322 2462 Deum
337 2425 425 2461 ardentius
439 2424 519 2472 diligitis,
529 2433 584 2461 tanto
599 2426 685 2462 maiorem
699 2425 775 2473 gloriam
790 2428 806 2463 in
821 2427 878 2475 patria

140 2485 213 2521 coelesti
223 2485 318 2533 recipietis,
327 2484 376 2521 Felix
386 2483 414 2519 ille
424 2482 529 2526 monachus,
540 2484 557 2519 in
567 2483 618 2520 cuius
628 2485 736 2521 conscientia
746 2497 814 2532 praeter
828 2499 878 2522 amo-

141 2556 179 2580 rem
193 2544 266 2588 Christi,
281 2543 346 2580 nullius
361 2543 482 2590 occupationis
496 2542 602 2590 imaginatio
616 2543 689 2589 residet,
700 2545 730 2593 qui
743 2545 820 2592 vigilans
834 2545 879 2583 nihil

140 2603 193 2647 alind,
208 2615 261 2652 quam
276 2603 367 2640 Christum
382 2602 452 2650 cogitat,
466 2601 558 2639 dormiens
573 2602 666 2639 Christum
680 2604 765 2648 somniat,
780 2606 848 2649 vivens,
862 2617 879 2643 et

141 2664 220 2699 moriens
235 2662 256 2699 ad
269 2663 360 2700 Christum
375 2661 518 2699 constantissime
531 2662 614 2710 suspirat.
624 2662 642 2700 O
652 2676 704 2711 quam
719 2663 770 2709 bene,
782 2678 879 2714 secureque

896 537 939 563 Galatr
949 537 961 563 6,

895 1160 897 1163 ,
914 1136 949 1161 Nota
964 1145 978 1162 sa

899 1171 979 1196 luberrimnn

895 1211 947 1231 tautum.
