1968 3023
370 135 426 172 Sarma
443 135 462 171 V.
747 143 781 179 zoj

47 215 101 253 Nulla
113 217 152 253 istic
166 217 255 253 invenitur
264 216 386 260 contradictio,
397 217 481 265 quoniam
494 225 583 264 utrunque
597 227 661 251 verum
671 223 703 260 est,
713 214 753 262 quia
763 220 781 249 et

47 288 101 313 nemo
114 276 152 312 sine
165 285 239 325 peccato
252 287 279 313 est
292 277 310 312 in
324 288 351 322 eo,
365 274 413 324 qaod
426 288 480 312 nemo
493 284 519 312 est
532 274 570 311 sine
583 274 621 323 lege
636 273 708 323 peccati,
722 282 738 309 et
751 272 781 321 qni

48 344 74 371 est
87 345 138 372 natus
152 348 172 372 ex
185 337 230 379 Deo,
244 347 338 384 peccatum
352 349 389 373 non
402 334 455 381 facit3
470 335 510 383 quia
523 346 555 382 per
568 333 626 382 legem
641 333 711 378 laetatis,
724 332 742 369 id
755 340 781 368 est

47 407 78 443 per
87 395 198 442 charitatem,
208 408 252 445 quae
261 397 295 433 Dei
308 408 369 433 semen
383 404 415 440 est,
424 405 517 443 peccatum
530 407 566 431 non
579 393 626 431 facit.
642 393 722 431 Charitas
734 393 781 429 enim

47 455 105 502 operit
118 454 250 492 multitudinem
264 464 385 503 peccatorum,
399 454 437 491 sine
450 467 484 503 qua
498 452 566 489 nullum
580 462 606 489 est
619 465 664 501 opus
677 451 749 493 bonum
763 458 781 486 et

47 513 84 561 ipsa
97 513 135 550 sola
147 524 211 561 potens
225 523 251 550 est
265 513 323 551 delere
338 526 392 550 omne
405 522 503 561 peccatum.
517 512 563 548 Hinc
572 521 642 549 sanctus
656 511 698 548 dicit
711 508 781 558 praesul

46 575 162 624 Augustinus.
176 574 241 612 Nullus
255 584 332 620 sanctas,
346 584 363 611 et
377 575 433 611 iustus
447 583 494 610 caret
508 584 587 622 peccato,
597 585 629 609 nec
642 583 702 609 tamen
716 584 737 607 ea
746 571 781 608 laoc

47 633 111 671 desinit
125 646 163 670 esse
176 635 239 678 iustus,
251 633 280 670 vel
294 644 370 677 sanctas,
384 635 399 670 si
413 646 453 670 cum
466 634 530 670 affectu
544 641 603 670 teneat
616 633 735 682 sanctitatem
747 628 781 667 Sed

46 694 79 730 isra
92 702 165 742 peccata
184 693 273 729 iustorum
287 705 324 729 non
339 702 381 728 sunt
398 692 489 739 mortalia,
503 691 531 729 vel
551 692 631 729 enormia
650 690 737 739 putanda,
751 688 781 726 sed

46 765 106 800 parva,
116 761 132 789 et
142 752 223 798 aeaaialia,
233 752 270 788 sine
284 750 349 801 quibus
362 754 399 788 vira
412 764 495 800 praesens
504 752 533 787 via
542 753 606 800 agitur,
620 751 705 800 quoniam
718 748 781 798 procul

46 812 112 849 aiusto
125 812 149 849 sit
162 824 215 848 omne
229 820 322 859 peccatum
336 811 418 856 mortale,
428 811 443 847 si
454 823 521 848 nomen
534 811 610 847 iustitiae
623 809 685 847 debeat
698 809 780 853 retinere,

46 884 119 909 necesse
128 880 159 908 est.
172 871 268 908 Peccatum
280 883 357 919 namque
366 869 442 907 mortale
451 869 543 906 hominem
554 871 610 906 aDeo
619 878 693 917 separat,
703 868 781 905 animaru

2 964 4 970 .
46 941 102 975 necat,
112 940 129 967 et
139 943 180 966 cum
193 928 310 967 daemonibus
319 929 337 965 in
346 939 439 966 aeternum
448 929 525 966 damnat.
538 930 577 967 Hoc
590 929 711 977 perniciosum
724 939 781 977 genus

46 991 113 1039 peccati
125 989 206 1027 mortalis
219 1002 280 1026 cavere
294 1002 326 1039 per
339 989 367 1026 dei
380 989 456 1038 gratiam
469 1001 571 1037 possumus,
581 998 598 1025 et
607 1001 638 1037 per
651 987 718 1025 arbitrii
731 988 781 1024 recti·

45 1051 127 1088 tudinem
146 1048 222 1086 sollicite
240 1048 331 1086 debemus
348 1049 445 1097 Propterea
463 1050 510 1085 enim
522 1047 565 1085 facti
578 1061 639 1085 sumus
653 1047 747 1092 aaaorraclri,
761 1056 781 1083 ut

47 1110 148 1147 cautissime
157 1109 237 1146 viventes
246 1108 278 1145 sub
288 1108 400 1146 obedientiae
413 1108 494 1145 salutaris
507 1108 589 1156 imperio,
598 1107 678 1144 mortalis
691 1119 727 1144 non
740 1107 781 1144 inci-

46 1169 128 1206 deremus
146 1167 218 1205 foveam
236 1168 309 1216 peccati,
330 1167 404 1216 Semper
423 1167 482 1216 iraque
496 1166 605 1216 vigilandum
619 1177 644 1204 est
661 1165 749 1203 monacho
763 1167 781 1202 in

46 1227 130 1277 operibus
144 1227 201 1274 botris,
211 1235 249 1264 uta
261 1226 333 1265 mortali
346 1226 412 1264 scelere
425 1226 473 1263 vivat
486 1227 577 1264 immunis.
590 1226 677 1276 Quisquis
690 1234 749 1262 autem
763 1226 781 1262 in

46 1289 116 1325 aiaDei
130 1300 202 1324 carnem
216 1286 249 1324 sibi
263 1287 359 1324 molestam
372 1287 431 1330 sentit,
446 1296 497 1335 atque
512 1288 625 1332 contrariam,
636 1299 707 1323 necesse
720 1294 752 1332 est,
762 1293 781 1322 ut

46 1360 85 1384 eam
98 1359 130 1395 per
143 1346 246 1394 poenalium
264 1346 372 1383 memoriam
387 1346 439 1383 faciat
451 1345 521 1394 spiritui
534 1345 642 1389 subiectam,
657 1356 673 1382 et
687 1346 736 1394 quasi
750 1356 780 1394 per

46 1415 115 1443 metum
128 1404 248 1442 obedientem.
264 1405 285 1441 ln
299 1405 361 1454 primis
374 1418 417 1454 ergo
431 1404 530 1442 monachus
543 1406 624 1454 propriae
638 1404 698 1442 salutis
712 1414 780 1440 amator

46 1464 127 1501 fallacem
144 1464 197 1501 huius
215 1463 277 1500 mundi
295 1474 370 1510 starum,
384 1464 543 1513 deceptionemque
560 1477 630 1512 semper
643 1474 709 1501 attente
723 1464 780 1499 consi-

46 1524 101 1570 deret,
110 1534 127 1561 et
136 1536 190 1572 quam
203 1525 238 1561 cito
252 1532 331 1560 transeat
344 1524 403 1560 omnis
417 1522 511 1560 delectatio
525 1525 587 1570 camis,
600 1535 668 1572 penset.
682 1523 713 1560 llle
722 1535 731 1559 a
741 1535 780 1572 pec»

802 407 813 425 1.
824 399 858 424 Petr.
869 404 881 429 4.

820 1415 888 1443 Quaenam

805 1448 885 1474 suadeant

800 1483 850 1516 peccati
867 1482 873 1507 f
882 1496 888 1501 -

800 1526 835 1552 gam.

46 1585 88 1621 catis
102 1584 181 1621 animum
195 1596 248 1620 suurn
260 1583 311 1621 facile
324 1593 384 1631 potest
397 1582 472 1629 trahere,
482 1583 511 1632 qui
520 1583 631 1632 voluptatem
644 1582 700 1620 carnis
714 1582 780 1619 brevis-

45 1644 116 1690 simam,
125 1655 202 1692 poenam
216 1655 259 1680 aero
273 1641 386 1692 peccantibus
400 1641 476 1679 debitam
490 1641 552 1679 sedulo
566 1643 670 1691 cogitaverit
683 1651 779 1679 aeternam.

45 1702 123 1739 Mundus
140 1702 203 1738 transit
220 1701 284 1745 simul,
299 1711 315 1738 et
333 1701 477 1749 concupiscentia
490 1701 539 1747 eins;
558 1701 639 1739 homines
656 1714 727 1751 quoque
741 1714 779 1738 nao-

44 1761 107 1798 riendo
118 1772 211 1798 transeunt
224 1773 297 1808 ornnes;
311 1770 329 1796 et
340 1763 396 1797 'nemo
410 1759 440 1797 diu
454 1761 472 1797 in
485 1761 518 1797 hac
531 1761 566 1797 vita
579 1773 650 1797 naanere
663 1761 778 1809 permittitur.

45 1821 94 1866 Quid
108 1821 155 1859 enirn
169 1830 196 1858 est
209 1821 292 1867 mundus,
306 1821 341 1858 nisi
353 1833 402 1857 mare
415 1833 506 1869 magnaura,
516 1820 629 1868 profundum,
640 1830 657 1858 et
670 1821 779 1870 inquietum?

44 1882 62 1917 in
75 1894 111 1930 quo
124 1890 151 1918 tot
164 1890 205 1917 sunt
221 1880 310 1917 malorum
331 1879 410 1928 reptilia,
424 1889 467 1928 quot
487 1880 580 1916 horninuna
600 1880 686 1917 desideria
698 1880 745 1928 mala
758 1878 780 1917 ad

44 1939 112 1978 bonum
125 1939 212 1978 ordinata.
225 1940 243 1978 O
256 1940 323 1977 munde
336 1938 396 1984 fallax,
411 1939 502 1988 deceptor,
518 1949 534 1976 et
547 1939 648 1987 immunde,
663 1941 692 1989 qui
705 1939 737 1977 tibi
750 1940 779 1977 ad-

44 2000 136 2037 haerentes
154 2000 230 2048 turpiter
248 1999 325 2048 decipiS,
340 2009 435 2048 sequentes
451 2008 468 2036 te
484 2012 546 2036 omnes
560 2000 578 2037 in
592 1999 700 2048 profundum
715 1999 780 2036 inferni

41 2059 151 2108 submergis,
160 2072 214 2108 quana
227 2057 288 2095 felices
300 2068 341 2095 sunt
355 2058 387 2104 illi,
398 2059 429 2107 qni
442 2068 459 2094 te
473 2071 505 2107 pro
519 2058 586 2096 Christi
599 2072 659 2096 amore
673 2060 780 2108 despiciunt,

45 2118 188 2167 divisionemque
201 2118 286 2155 facientes
299 2117 363 2155 utilem
373 2131 382 2154 a
391 2118 426 2155 tuis
435 2117 542 2155 vanitatibus
555 2120 573 2156 in
586 2129 667 2168 tempore
681 2118 779 2156 discedunt.

45 2177 137 2227 Quicquid
145 2178 164 2214 in
173 2176 241 2214 natando
255 2178 351 2223 cernimus,
360 2190 426 2221 vanum
436 2187 468 2224 est,
478 2188 495 2214 et
504 2179 562 2214 omnis
576 2177 637 2215 rnrandi
647 2188 716 2215 amator
725 2191 780 2215 vanus

45 2236 131 2283 efficitur,
145 2245 162 2273 et
178 2237 197 2273 in
214 2236 263 2273 brevi
284 2242 416 2284 corrumpetur.
428 2237 519 2286 ,Cogitate
534 2249 564 2274 vos
578 2239 596 2275 in
608 2236 657 2274 brevi
673 2238 779 2283 morituros;

45 2296 129 2345 quoniam
141 2295 185 2332 nihil
194 2296 219 2332 sic
228 2296 321 2333 hominem
331 2308 340 2332 a
349 2306 422 2343 peccato
435 2296 515 2343 retrahit,
525 2296 677 2345 quemadmodum
690 2296 779 2346 frequens,
811 2322 813 2326 ψ

45 2365 62 2393 et
76 2357 144 2393 intenta
157 2357 220 2393 mortis
234 2356 326 2393 meditatio
340 2354 387 2393 facit.
401 2356 449 2392 Dicit
463 2356 510 2393 eninr
523 2358 621 2404 scriptura:
635 2357 737 2394 Memorare
748 2371 780 2394 no-

45 2415 117 2451 vissima
131 2424 168 2459 tua,
178 2424 196 2451 et
209 2416 227 2452 in
236 2424 329 2451 aeternum
342 2427 379 2451 non
391 2413 478 2463 peccabis.
489 2415 589 2452 Necessitas
603 2415 690 2452 moriendi
703 2416 780 2464 cogitata

44 2483 123 2510 mentem
137 2473 201 2510 timore
218 2474 308 2519 concutit,
324 2482 341 2509 et
354 2486 363 2509 a
377 2473 421 2509 virio
435 2474 537 2522 compescit,
553 2473 664 2519 Secundum,
678 2474 726 2523 qaaod
739 2488 779 2523 pec-

45 2542 105 2569 catum
121 2532 216 2580 persuadet
235 2531 308 2580 fugere,
323 2541 350 2568 est
363 2531 418 2569 futuri
432 2542 490 2569 ruerus
504 2532 574 2579 iudicii,
587 2533 606 2570 in
619 2546 654 2582 quo
667 2545 740 2571 necesse
753 2543 780 2570 est
796 2534 798 2536 ’

45 2604 108 2629 omnes
117 2590 199 2626 homines
210 2590 325 2639 praesentari.
339 2590 380 2627 Hoc
389 2591 502 2628 tremendum
511 2591 597 2628 iudicium
610 2604 663 2630 nemo
673 2601 731 2641 potest
741 2606 780 2629 eva·

17 2693 19 2696 ,
45 2650 98 2697 dere,
112 2648 143 2687 scd
157 2659 228 2697 oportet
241 2662 274 2687 nos
288 2662 352 2687 omnes
365 2649 383 2687 in
397 2662 418 2687 eo
432 2663 540 2700 comparere.
558 2651 599 2688 Duo
616 2650 667 2688 nobis
684 2651 780 2689 metuenda
