1968 3023
391 136 528 199 Horatiiavrrr.
807 170 827 210 53

93 238 181 278 fervorem
199 242 258 279 omnis
276 240 384 278 daemonum
401 241 481 290 potentia
500 240 577 278 contrita
594 249 693 277 enervatur.
711 240 728 277 Si
743 241 830 290 cogitatio

92 300 148 348 turpis
162 302 222 339 animo
236 310 268 339 tuo
282 314 313 350 per
326 299 421 338 daemones
437 299 518 337 immissa
536 298 595 346 fuerit,
613 300 700 347 impresso
718 312 761 340 mov
774 299 829 337 fronti

93 361 144 410 signo
158 363 214 399 crucis
228 361 293 399 dicito:
306 360 357 398 Salva
372 373 400 397 nae
412 361 451 398 lesu
465 359 542 404 Christe,
557 359 645 397 mediator
657 360 690 396 Dei
699 369 716 395 et
725 359 829 406 hominum,

93 432 109 458 et
123 432 202 459 cunctam
216 435 225 459 a
239 435 268 459 me
282 422 338 459 hostis
352 421 419 470 antiqui
436 419 505 469 depelle
522 420 621 469 nequitiam
639 433 669 468 per
682 430 730 457 tuam
744 420 829 458 innocen-

92 482 179 518 tissimam
194 482 301 531 passionem.
316 481 365 525 Quid
377 480 409 517 hac
422 482 504 518 oratione
518 479 597 526 brevius,
608 479 672 529 quidve
685 480 777 530 potentius
791 493 830 517 esse

93 542 164 589 potest?
176 541 224 579 Nam
238 541 306 587 statim,
320 550 339 577 ut
353 551 414 578 contra
428 539 537 577 daemonum
550 539 579 576 vel
592 539 830 590 p1·aesentiam‚velsugge-

92 601 169 637 stionem
183 614 224 638 cum
238 600 309 637 fervore
322 602 387 638 mentis
396 599 464 649 prolata
474 599 534 646 fuerit,
544 599 603 636 omnis
612 599 710 649 iniquitatis
720 599 829 637 machinatio

93 659 164 704 recedit.
178 660 271 698 Orationis
285 660 332 697 enirn
346 671 399 708 purae
413 660 469 696 virtus
483 670 510 696 est
523 660 606 706 maxima,
624 660 708 709 quoniam
725 657 750 696 et
760 658 829 696 caelum

93 729 179 768 penetrat,
194 730 210 756 et
224 732 255 755 sua
269 719 368 756 constantia
381 717 455 755 debellat
468 731 528 755 aereas
545 727 648 767 potestates.
666 717 730 755 Oratio
748 726 837 755 mentem

93 778 188 824 illuminat,
203 777 286 815 affectum
300 777 385 828 purificat,
399 778 469 814 veniam
483 776 591 814 delictorum
604 778 696 827 impetrat,
713 778 796 827 spiritum
811 778 828 814 in

92 837 126 875 Dei
139 849 200 874 amore
218 846 280 874 contra
298 849 360 873 omnes
379 835 488 874 adversarios
507 836 602 874 confortat.
619 836 668 875 Nihil
683 837 708 873 sic
725 847 829 874 mentema

92 897 166 933 terrenis
179 895 200 932 ad
214 895 321 933 coelestium
334 907 413 932 amorem
427 895 489 938 elevat,
499 895 543 932 nihil
558 896 614 932 carnis
623 895 722 944 voluptates
734 906 771 933 tam
785 897 827 941 cito,

92 966 110 993 et
122 955 200 992 valenter
214 954 325 997 exterminat,
339 953 383 990 nihil
401 954 444 991 adeo
462 954 538 991 illustrat
556 953 676 1000 intellectum,
694 955 738 991 nihil
756 968 828 1004 quoque

91 1015 109 1051 in
118 1023 187 1051 tanturn
196 1014 276 1051 veritatis
287 1011 379 1049 confundit
392 1013 524 1050 adversarium:
538 1013 584 1049 sicut
598 1013 654 1049 oratio
668 1025 716 1061 pura,
728 1026 773 1062 quae
787 1027 827 1050 curn

91 1073 160 1110 fervore
173 1073 235 1109 Divini
253 1073 320 1109 amoris
338 1071 359 1108 ad
376 1072 434 1108 Deum
452 1070 541 1116 funditur,
560 1081 577 1108 et
595 1070 651 1109 bonae
667 1073 772 1110 testimonio
787 1086 829 1110 con-

91 1133 175 1169 scientiae
188 1131 288 1169 decoratur
302 1131 321 1168 Si
334 1130 449 1168 daemonibus
463 1131 512 1179 cupis
527 1144 565 1168 esse
579 1130 669 1177 terribilis,
680 1132 694 1168 si
707 1132 740 1169 Dei
749 1134 776 1169 vis
791 1146 829 1171 esse

91 1192 165 1238 amicus,
178 1191 306 1229 conscientiam
321 1188 385 1227 habeto
395 1203 463 1238 puram,
474 1200 490 1227 et
500 1190 611 1238 spiritualem
621 1203 711 1240 nunquam
721 1192 828 1230 intermittas

92 1250 197 1287 orationem.
212 1249 279 1288 Omnia
293 1250 341 1286 enim
355 1248 418 1286 devota
434 1258 492 1297 potest
510 1250 576 1295 oratio,
594 1250 609 1286 si
625 1249 731 1287 rectitudine
749 1250 798 1297 fidei,
811 1261 829 1288 et

93 1310 138 1346 vitae
153 1310 229 1358 puritate
242 1308 342 1346 decoretur.
352 1308 416 1346 Oratio
426 1307 523 1345 daemones
532 1307 588 1357 fugat,
597 1309 680 1346 virtutem
690 1310 828 1359 malignantium

92 1379 169 1415 enervat,
182 1368 328 1417 languescentem
342 1368 360 1403 in
372 1367 464 1416 tepiditate
477 1368 555 1404 animam
569 1378 624 1413 sanat,
638 1381 658 1405 at
676 1368 758 1416 debilem,
772 1381 789 1407 et
802 1371 828 1406 in-

92 1428 163 1465 firmum
177 1427 194 1464 in
208 1428 242 1464 Dei
254 1428 321 1464 timore
333 1427 415 1475 spiritum
429 1427 529 1464 confirmat.
544 1427 608 1464 Oratio
622 1441 665 1477 pura
678 1429 717 1466 Deo
730 1429 773 1466 facit
787 1443 828 1478 pro-

92 1488 166 1531 ximum,
180 1497 197 1524 et
210 1500 259 1533 eum,
270 1499 325 1536 quem
335 1495 429 1535 acceperat¹
440 1499 513 1524 servum
522 1487 555 1523 Dei
565 1486 607 1524 lacit
616 1500 654 1525 esse
665 1489 748 1526 amicum.
763 1489 828 1527 Oratio

38 1541 41 1545 ⁴
88 1559 140 1596 pura,
150 1557 167 1584 et
178 1545 248 1583 fervens
262 1547 280 1583 in
293 1558 354 1583 amore
367 1546 400 1582 Dei
415 1545 483 1583 coelum
499 1556 585 1595 penetrat,
595 1546 703 1584 intellectum
717 1550 785 1585 orantis
795 1550 828 1585 mi-

92 1606 169 1644 rabiliter
182 1606 277 1652 illuminat,
291 1606 380 1643 infernum
394 1605 465 1652 claudit,
474 1605 578 1643 Paradisum
593 1607 655 1655 aperit,
665 1608 732 1644 animas
746 1607 826 1645 fidelium

92 1666 192 1704 introducit.
206 1666 278 1713 Veritas
293 1667 341 1702 enim
354 1678 390 1702 non
403 1665 496 1710 mentitur,
511 1667 588 1715 quaein
602 1662 666 1703 saneto
677 1666 772 1716 Evangelio
786 1680 827 1716 pro-

91 1726 147 1763 mittit
160 1726 229 1763 dicens:
243 1724 307 1768 Petite,
322 1734 339 1761 et
352 1723 421 1761 dabitur
434 1724 494 1771 vobis;
508 1726 593 1773 quaerite,
608 1736 625 1762 et
638 1726 740 1773 invenieti53
752 1727 828 1775 pulsate,

91 1796 108 1823 et
121 1787 209 1834 aperietur
222 1784 279 1821 vobis.
289 1784 355 1822 Omnis
369 1785 423 1830 enim,
434 1785 464 1834 qui
473 1785 518 1833 petit
527 1785 601 1832 accipit;
612 1795 628 1822 et
638 1785 667 1834 qui
676 1787 744 1834 quaerit
754 1786 828 1830 invenit,

91 1855 108 1882 et
121 1844 197 1893 pulsanti
210 1845 305 1892 aperietur.
320 1843 365 1887 Quis
374 1854 453 1880 vestrum
462 1845 480 1881 in
490 1854 529 1881 toto
540 1843 593 1880 corde
606 1857 639 1881 suo
653 1857 749 1881 conversus
759 1845 828 1882 aduo-

91 1906 160 1948 minum
173 1905 230 1941 oravit
244 1916 329 1952 unquam,
344 1915 361 1939 er
377 1916 412 1940 non
426 1914 451 1940 est
465 1904 571 1941 exauditus?
584 1905 621 1940 Aut
634 1904 673 1952 quis
687 1904 777 1941 invocavit
790 1905 828 1942 Do·

91 1965 167 2010 minum,
182 1973 199 2000 et
212 1962 303 2011 elongavit
316 1976 335 1999 se
348 1962 368 1999 ab
382 1964 415 2000 eo?
428 1962 476 2000 Dicit
487 1964 535 1999 enirn
550 1964 645 2010 scriptura:
659 1963 731 2007 Scitote,
741 1964 827 2012 quoniam

92 2022 172 2060 exaudiet
182 2023 272 2060 Dominus
285 2035 348 2071 preces
361 2032 434 2068 vestras,
443 2023 457 2058 si
469 2032 562 2059 manentes
572 2023 703 2071 permanseritis
717 2024 733 2060 in
748 2023 826 2069 ieiuniis,

91 2091 108 2120 et
121 2081 232 2119 orationibus
246 2082 264 2118 in
278 2090 374 2131 conspectu
387 2082 467 2119 Domini.
481 2081 574 2118 Memores
588 2092 643 2119 estote
657 2083 717 2131 Moysi
730 2084 777 2119 servi
790 2083 827 2119 Do-

92 2142 141 2188 mini,
157 2141 186 2191 qui
199 2141 287 2178 Amalech
305 2140 423 2178 confidentem
439 2141 458 2177 in
470 2141 537 2178 virtute
550 2154 590 2184 sua,
609 2154 643 2178 non
661 2141 707 2178 ferro
724 2141 826 2190 pugnando,

91 2200 121 2245 sed
135 2199 215 2248 precibus
230 2200 296 2237 sanctis
310 2200 376 2237 orando
390 2200 458 2237 deiecit.
468 2200 547 2236 lllultum
557 2201 604 2236 enim
614 2199 661 2236 valet
670 2200 770 2248 deprecatio
784 2202 826 2238 iusti

91 2259 165 2304 assidua,
176 2269 193 2296 et
207 2260 264 2297 oratio
274 2258 385 2296 humiliantis
394 2273 412 2296 se
421 2268 501 2308 penetrat
511 2258 572 2296 nubes.
582 2259 642 2296 Helias
652 2260 706 2296 horno
716 2269 752 2296 erat
761 2260 826 2296 similis

92 2317 142 2356 nobis
156 2318 251 2368 passibilis,
266 2328 283 2356 et
297 2319 354 2356 oravit
368 2319 453 2365 oratione,
466 2328 485 2355 ut
499 2331 535 2355 non
545 2318 615 2366 plueret
623 2331 676 2367 super
684 2330 755 2363 terram,
764 2330 781 2356 et
790 2333 827 2357 raon

72 2386 73 2389 ’
91 2379 136 2427 pluit
150 2391 204 2430 annos
218 2387 260 2422 tres,
280 2387 297 2415 et
314 2390 384 2415 memes
400 2391 435 2415 sex.
452 2378 473 2414 Et
487 2390 558 2414 rursum
572 2379 640 2424 oravit,
654 2388 670 2414 et
689 2379 760 2415 coelunt
778 2379 827 2416 dedit

92 2438 175 2486 pluviam,
189 2447 205 2474 et
219 2446 267 2474 terra
280 2436 329 2474 dedit
342 2436 420 2474 fructum
433 2449 492 2473 sunm.
507 2436 603 2482 Oratione,
613 2449 630 2474 et
639 2437 729 2474 lachrimis
738 2439 775 2475 Rex
785 2438 828 2476 Eze-

92 2496 139 2534 chias
153 2496 255 2546 quindecim
269 2508 324 2533 annos
334 2497 380 2533 vitae
393 2496 479 2545 longioris
489 2495 571 2540 obtinuit¹
582 2506 599 2533 et
608 2497 706 2545 Prophetae
719 2499 828 2535 sententiam

92 2555 173 2605 precibus
186 2557 269 2593 muravit.
283 2554 400 2592 Orationibus
412 2555 445 2592 viri
459 2552 514 2593 sancti
528 2555 628 2593 claruerunt
641 2557 737 2601 miraculis,
755 2568 772 2595 et
786 2571 827 2606 sup-

92 2615 176 2665 plicantes
190 2615 211 2652 ad
224 2614 325 2652 Dominum
339 2624 420 2652 mortuos
433 2624 540 2652 revocarunt
558 2615 653 2653 advitam.
667 2617 759 2655 Orationis
773 2618 827 2655 etiam

92 2676 166 2725 puritati
178 2674 257 2713 subiecta
271 2687 312 2713 sunt
326 2676 395 2721 omnia3
409 2686 426 2713 et
439 2675 482 2714 nihil
498 2686 524 2713 est
538 2676 556 2713 in
571 2674 622 2713 nobis
635 2685 670 2714 tam
684 2676 764 2725 difficile,
779 2678 827 2730 quod

860 252 938 280 Oratinnon

850 287 893 314 minus
912 296 937 322 po-

850 328 880 348 tens
899 331 938 357 quam

850 357 893 384 brevis
914 358 937 384 arl-

855 400 900 419 versus
915 401 931 418 ο-

850 435 895 453 nmem
910 434 938 454 ten-

850 462 917 489 rationem.

848 1968 894 1996 inditia.
904 1978 916 2002 4.
