1968 3023
312 160 363 197 Liber
375 160 463 197 Pcattt'rlatts
475 159 543 196 lucrariis
560 158 639 196 Tritonia
810 167 845 205 245

108 239 183 287 ponitur
196 239 283 288 impietas.
296 239 384 277 Haeccine
399 249 425 276 est
439 238 498 276 debita
511 239 646 288 dispensationis
660 249 701 275 tuae
714 237 796 276 occasio?
809 237 845 274 Ha·
891 244 953 270 arauca-

109 298 151 335 beto
168 297 200 334 tibi
218 298 279 336 fraude
294 300 397 348 impetratas
411 298 537 345 literuncnlas,
552 298 614 336 habeto
632 299 753 336 instrumenta
770 296 845 345 abnega·
865 285 897 340 liii,
910 278 954 340 libi)

108 357 197 405 gationis,
211 366 228 394 et
242 359 347 407 apostasiae3
360 357 430 396 honum
444 368 470 395 est
485 358 530 395 mihi
543 357 575 394 suh
591 356 652 407 regula
664 358 773 406 pientissimi
789 357 845 394 Patris
865 348 954 410 ξξζῖξῑηῗᾚξ

108 416 200 455 Benedicti
213 419 308 467 quiescere,
318 420 335 456 in
345 432 406 468 quarn,
415 419 430 456 si
444 419 486 468 quid
500 432 521 455 ex
534 417 629 467 fragilitate
642 418 741 466 deliquero,
753 432 782 455 me
795 419 845 466 pium
865 418 954 479 pfllefitff‘erffi

109 476 215 514 anlvocatnm
229 478 275 527 apud
288 472 389 516 districtum
402 479 481 516 iudicem
495 477 558 516 habere
571 478 647 524 confido,
662 478 712 515 cuius
725 477 807 515 ordinem
820 477 845 514 di·
866 488 955 529 nominami-

108 536 151 585 ligo,
164 548 246 582 ueneror,
256 547 274 574 et
287 551 313 584 ea,
323 551 357 588 qua
369 551 446 587 possum
459 537 558 582 sedulitate,
573 536 660 575 custodio.
674 536 704 574 Tu
717 547 778 574 autem
792 550 845 587 quem
865 523 954 583 lrraqqqens

108 596 132 632 sis
145 594 237 633 habiturus
251 608 351 645 patronum,
360 597 431 645 nesci03
445 599 476 647 qui
490 596 569 635 ordinem
583 596 650 644 abiiciS,
660 609 724 634 omnes
738 605 809 634 sanctos
819 594 845 632 oi·
865 592 954 659 ssljffifpsffitmffl

108 654 172 700 fendis,
185 655 260 704 Deoque
273 655 342 704 publice
360 657 448 693 mentiris.
467 657 514 694 Nam
528 659 559 706 qui
575 666 616 707 post
633 655 766 704 professionem
779 655 846 693 ordinis
866 662 954 687 irriseraDo·

108 712 159 750 aliter
172 714 221 757 vivit,
232 727 285 764 quana
294 715 384 764 promisit,
393 714 441 752 hunc
454 715 522 765 regula,
531 726 551 752 ut
563 716 656 754 irrisorem
666 716 700 753 Dei
709 715 846 765 omnipotentis,
866 696 954 757 iiiffuiss'u'

110 773 231 811 damnandum
245 774 283 811 fore
299 774 383 813 ostendit.
401 775 430 812 Sic
444 776 492 813 enim
510 775 570 815 habet:
587 776 656 814 Idcirco
675 776 690 812 si
706 776 758 813 aliter
775 775 846 822 iecerit,
866 766 954 834 [cuppam

109 835 153 871 sciat
166 847 186 871 se
199 834 319 872 damnandum
332 834 353 872 ab
367 849 395 883 eo,
409 849 463 885 quem
477 836 543 873 irridet.
557 836 623 873 Audite
637 837 681 873 haec
694 835 727 873 filii
740 835 804 872 Belial:
818 848 845 872 or·
880 822 888 835 ⁰

109 892 155 930 dinis
173 893 273 931 desertores
292 894 386 941 attendite,
400 904 417 931 et
434 895 449 932 si
467 894 513 932 ullus
531 908 592 932 sensus
610 896 627 932 in
640 894 692 933 vobis
710 904 746 940 est,
764 895 845 932 horrere:

109 952 153 989 sciat
166 965 190 999 se,
204 953 267 1002 inquit,
279 946 487 1002 Monachusperversus
501 954 621 991 damnandum
634 952 654 991 ab
669 968 696 1000 eo,
710 967 765 1004 quem
778 953 845 998 irridet:

109 1011 161 1055 Quae
178 1004 235 1048 maior
253 1010 328 1058 derisio,
342 1012 390 1061 qnod
408 1012 476 1049 crimen
493 1012 603 1057 sceleratius,
617 1026 671 1062 quam
684 1014 793 1062 promissam
806 1014 845 1050 Deo
883 1031 884 1036 ¹

109 1068 163 1107 fidem
180 1083 256 1119 negare,
271 1081 334 1108 votum
347 1070 467 1120 postponere,
482 1071 507 1108 illi
520 1072 603 1118 mentiri,
618 1071 644 1108 illi
657 1071 765 1109 famulatum
778 1070 846 1109 subtra-

109 1130 160 1177 here,
175 1130 201 1167 illi
214 1143 246 1166 sua
259 1129 346 1179 diripere?
359 1132 425 1174 Miror,
440 1140 458 1167 et
471 1131 586 1168 vehementer
599 1130 682 1181 quidem,
696 1133 711 1168 si
725 1145 804 1182 unquam
817 1132 845 1168 vel

108 1190 130 1227 ad
142 1190 207 1227 horam
220 1201 257 1227 tam
270 1190 350 1227 scelerati
363 1200 461 1239 apostatae,
473 1184 516 1240 prae
529 1191 634 1229 confusione
647 1192 775 1238 conscientiae,
789 1201 805 1228 et
818 1204 845 1227 re·
871 1202 953 1243 'Conscien-

109 1262 170 1286 morsu
184 1249 291 1298 synderesis,
303 1262 363 1287 veram
377 1252 447 1300 possint
461 1249 525 1287 habere
539 1250 632 1287 laetitiam:
646 1250 688 1297 Sed,
703 1260 723 1287 ut
736 1249 792 1288 fatear
805 1251 845 1287 sirn-
864 1237 953 1298 23fi⁵¹¹c¹ffi
970 1252 972 1254 ’

108 1308 183 1358 pliciter,
197 1310 246 1359 quod
258 1309 321 1356 sentio,
333 1309 386 1347 nullis
400 1299 514 1347 suasionibus
528 1309 588 1347 induci
600 1323 681 1359 possum,
695 1320 715 1348 ut
728 1310 804 1354 credam,
814 1323 844 1347 eos
865 1312 935 1340 αΡΜΜΕ·

108 1369 204 1418 aliquando
217 1370 255 1406 sine
270 1369 377 1418 grauissimo
398 1370 520 1407 conscientiae
539 1383 581 1407 suae
600 1379 692 1407 tormento
710 1370 793 1418 deinceps
807 1382 845 1407 esse

108 1429 193 1479 uicturos.
206 1427 294 1466 Probahlli
307 1429 354 1465 enim
368 1429 493 1478 experimento
507 1429 638 1479 cognoscimus,
652 1429 702 1478 quod
716 1429 809 1476 monachi,
823 1430 844 1466 de
878 1440 952 1499 apostatae

865 1481 926 1507 pannum
938 1483 952 1500 m

109 1487 172 1537 quibus
185 1488 285 1537 loquimur,
299 1498 340 1537 post
357 1488 425 1525 ordinis
439 1488 575 1526 translationem
592 1489 692 1526 efficiuntur
706 1489 757 1539 quasi
767 1488 843 1534 furiosi,
865 1509 908 1535 „„„„
922 1517 953 1534 scc-

108 1549 126 1585 in
135 1562 190 1586 onuae
200 1562 245 1597 opus
257 1558 308 1598 turpe
321 1549 422 1598 proclives,v
431 1549 525 1597 desperati,
539 1549 576 1586 sine
589 1549 673 1587 charitate
685 1549 725 1592 Dei,
740 1549 778 1586 sine
791 1548 844 1586 devo·
865 1543 897 1569 ¹⁶¹³
910 1544 953 1577 ΨΜ·

108 1608 166 1653 tione,
181 1607 218 1644 sine
232 1607 350 1661 allectu„sine
363 1609 436 1656 pietate,
444 1608 486 1645 ‘sine
501 1608 614 1655 conscientia,
624 1608 661 1645 sine
675 1607 775 1651 honestate,
790 1607 841 1644 saevi¹
864 1578 916 1604 tuntas.

839 1637 843 1652 ³
865 1633 950 1659 Provocat.

108 1666 181 1712 turbati,
195 1665 286 1711 vecordes,
300 1678 318 1703 et
331 1667 423 1713 obstinati,
438 1667 483 1704 adeo
492 1676 512 1703 ut
521 1667 598 1712 aeneo,
608 1667 630 1705 de
643 1680 699 1716 regno
713 1666 759 1712 eius,
769 1666 791 1703 de
803 1678 845 1715 pur·
865 1682 895 1716 sip,
905 1688 925 1714 17·

107 1727 186 1776 gatoriO,
199 1725 221 1762 de
236 1725 311 1770 inferno,
326 1726 428 1772 demeare,
442 1725 464 1762 de
478 1727 596 1775 poenitentia,
611 1726 631 1763 dc
645 1726 720 1770 virtute,
735 1725 757 1762 de
771 1737 844 1762 conver-

108 1787 178 1822 satione
191 1784 235 1821 nihil
248 1795 316 1831 curent,
330 1785 375 1822 nihil
388 1785 490 1832 advertant,
503 1784 548 1822 nihil
561 1785 622 1822 audire
635 1785 700 1829 uelint,
713 1784 845 1834 impleaturque

108 1846 126 1881 in
139 1845 165 1881 eis
178 1843 222 1881 illud
231 1844 323 1893 sapientis:
332 1842 407 1892 impius,
418 1856 459 1881 curn
468 1844 537 1880 venerit
546 1844 564 1880 in
573 1843 683 1893 profundum
696 1843 793 1890 malorum,
803 1856 844 1880 con-

107 1904 176 1941 temnit.
190 1904 211 1940 Et
224 1902 276 1941 illud:
288 1904 362 1953 Semper
374 1904 473 1953 praesumit
486 1915 538 1939 saeva
551 1903 651 1952 perturbata
665 1903 781 1940 conscientia.
793 1903 845 1939 Unde

107 1964 151 2001 tales
164 1964 261 2012 Apostatae
271 1964 320 2012 quasi
333 1963 417 2000 diuturno
432 1975 502 2000 carcere
515 1961 584 2000 liberati
597 1963 679 2000 audacter
689 1963 707 2000 in
717 1976 771 2000 omne
780 1963 844 1999 vitium

107 2036 126 2060 se
139 2023 266 2071 praecipitant,
281 2032 298 2059 et
311 2023 397 2070 temporis
417 2021 524 2059 brevitatem
544 2022 631 2059 scelerum
651 2021 776 2069 magnitudine
796 2033 844 2058 com·

107 2092 189 2130 pensant.
205 2080 341 2128 Offenduntur,
349 2082 363 2117 si
377 2081 416 2130 quis
430 2081 452 2118 de
466 2094 527 2118 amore
540 2081 584 2128 Dei,
597 2081 619 2118 de
631 2081 691 2118 studio
704 2081 843 2130 scripturarum,

108 2137 131 2177 de
144 2141 237 2178 honestate
249 2141 295 2177 uitae
313 2154 373 2178 coram
387 2141 412 2178 eis
428 2141 479 2190 loqui
492 2140 581 2187 voluerit3
594 2141 633 2179 Nec
645 2141 719 2185 mirum,
734 2141 749 2176 si
761 2140 795 2176 Dei
808 2153 844 2176 ser-

107 2212 171 2237 mones
184 2199 245 2237 andire
258 2213 294 2237 non
303 2200 378 2248 possint,
388 2200 417 2237 cui
430 2209 472 2249 post
485 2209 521 2236 tarn
534 2199 628 2237 nefandam
642 2200 751 2249 apostasiam
764 2199 843 2236 infideles

108 2260 196 2296 existunt:
211 2259 293 2297 Oderunt
307 2260 433 2307 corripientem
442 2260 461 2296 in
474 2269 534 2308 porta:
548 2259 613 2296 Salutis
624 2258 678 2296 verba
691 2271 728 2296 non
742 2258 844 2305 admittunt3
864 2266 910 2292 atum.
921 2273 932 2299 5-

107 2320 227 2368 poenitentiae
236 2331 338 2366 sermonem
347 2330 476 2356 contemnunt:
489 2319 558 2356 idcirco
569 2319 611 2356 dicit
620 2320 646 2357 uir
656 2320 735 2368 sapiens:
746 2318 843 2357 Considera
864 2330 914 2356 uteres.
923 2338 934 2364 7·

108 2392 162 2428 opera
175 2380 218 2423 Dei,
233 2379 280 2429 quod
298 2377 422 2428 nemopossit
441 2380 540 2427 corrigere,
554 2392 607 2429 quem
620 2378 649 2416 ille
662 2379 752 2428 despexit:
766 2379 781 2426 si
794 2379 842 2415 Deus

108 2439 186 2488 aliquem
200 2439 293 2476 hominem
306 2451 384 2488 unquam
399 2448 513 2475 contemnere
528 2440 590 2488 potuit,
605 2439 630 2476 illi
643 2438 672 2476 vel
686 2439 740 2487 primi
753 2446 800 2484 sunt,
813 2439 843 2487 qui

107 2508 148 2547 post
162 2507 225 2534 votnm
242 2497 322 2535 infideles
336 2498 352 2534 ei
366 2499 452 2535 existunt:
470 2497 523 2534 Unde
541 2506 635 2547 propterea
651 2497 731 2546 despecti
745 2510 754 2533 a
767 2497 809 2534 Deo
822 2497 843 2533 ad
880 2517 952 2544 popm„

107 2558 237 2606 poenitentiam
255 2569 295 2594 raro
312 2556 509 2605 confugiunt31dcirco
528 2556 636 2594 damnandos
650 2570 668 2593 se
682 2556 765 2594 noverint
778 2555 799 2592 ah
814 2569 842 2602 eo,
864 2553 953 2622 [ξζὸἓῑεξιῇξ

108 2629 162 2665 quem
176 2615 258 2653 irrident:
272 2615 338 2665 duplici
353 2617 400 2652 enim
414 2615 509 2665 sacrilegio
523 2616 548 2652 rei
561 2625 612 2662 sunt,
624 2616 668 2669 ¹quia
681 2629 701 2652 se
713 2616 759 2659 Deo,
774 2625 791 2652 et
804 2628 844 2652 coe·
864 2629 889 2648 nu·-

107 2675 162 2712 hobia
176 2675 241 2714 Sancto
250 2675 346 2713 Benedicto
357 2675 423 2713 iniuste
437 2674 530 2713 auferunt:
543 2675 565 2711 Et
574 2676 682 2726 quicumque
695 2675 723 2712 his
737 2674 844 2713 dimembrass
