1968 3023
87 699 121 725 Nora
131 700 149 725 si-

63 733 98 759 11111.

84 1243 147 1276 Oratio,

60 1279 111 1312 quoties
121 1278 148 1304 libi·

60 1314 76 1339 do
89 1320 147 1340 anement

60 1348 134 1381 pulsaverit.

177 207 208 241 rja
385 195 411 231 Da
424 196 523 234 minitantia
536 205 549 233 11
563 210 603 235 arra
617 202 696 235 territare.

173 277 266 313 nicationis
280 276 358 314 insolens
372 276 486 314 daemonium
500 291 591 327 nunqnam
606 279 670 317 melius
684 281 767 328 vincitur,
779 297 832 332 quam
842 285 856 321 si
866 298 906 322 vera

173 334 231 372 cordis
250 336 339 373 humilitas
358 338 374 373 in
393 336 502 385 plenitudine
520 339 606 375 virtutum
624 340 706 377 omnium
724 343 844 381 conservetur.
859 345 905 382 Nam

172 396 218 431 sicut
233 397 346 444 omnipotens
360 397 408 444 Dens
422 396 502 445 superbis
518 399 609 443 resistens,
625 399 721 436 humilibus
739 400 768 437 dat
785 402 868 450 gratiam,
884 404 906 440 ita

173 452 253 492 diabolus
267 454 336 505 fugiens
350 455 434 501 huaniles,
449 455 535 504 superbos
553 458 657 507 praecipitat
676 459 694 496 in
711 458 855 499 fornicationem.
869 463 905 506 Qui

172 528 214 564 ergo
229 517 302 565 gulosus
316 517 337 553 ad
350 516 454 560 satietatem,
465 516 573 553 manducans
584 527 603 557 et,
611 515 679 565 bibens,
689 519 760 556 vincere
774 519 856 568 spiritum
870 521 905 558 for·

172 577 266 613 nicationis
276 575 369 620 desiderat,
379 577 429 624 qnasi
443 576 502 613 oleum
516 576 537 613 ad
547 577 649 614 incendium
661 588 725 627 portat,
735 579 763 624 Et,
774 581 804 629 qui
818 593 859 617 cnm
868 580 905 618 sola

171 635 276 673 abstinentia
290 636 368 673 luxuriae
382 644 442 673 motus
453 635 544 672 contendit
553 637 665 685 extinguere,
675 638 738 675 similis
752 650 778 675 est
791 640 866 686 1101111111,
875 641 904 689 qni
953 645 956 650 '

171 708 210 732 cum
226 708 259 732 una
273 696 357 732 manain
371 694 430 732 medio
444 695 529 732 flnctraum
544 697 622 733 cernitur
634 708 700 735 natare.
717 698 839 748 Coniungatur
853 698 905 736 absti-

171 756 240 791 nentiae
254 756 337 792 continua
350 755 371 791 ad
385 755 443 792 Deum
457 756 521 799 oratio,
532 765 548 792 er
562 756 580 792 in
594 757 634 793 navi
643 766 714 795 sanctae
724 757 829 796 humilitatis
843 772 904 796 secure

170 815 288 865 navigabitnr.
302 815 376 863 Semper
389 816 411 852 sit
425 816 443 852 in
457 828 487 852 ore
501 815 586 853 monachi
599 817 664 863 oratio,
677 827 694 854 et
708 819 795 855 memoria
808 819 902 867 passionis,

171 884 187 912 et
201 876 264 911 11111115
273 876 347 912 Domini
356 876 395 912 lesu
405 888 496 924 rnrnquam
506 875 526 911 ab
536 877 574 912 eius
584 876 701 914 meditatione
712 876 787 914 recedat.
797 877 846 915 Nihil
856 878 903 915 enim

169 935 194 970 sic
213 944 291 971 mentem
309 935 393 972 adversus
411 934 516 972 daemonem
535 933 659 972 fornicationis
677 936 771 984 confortat,
785 947 803 973 et
820 938 903 978 animam,

170 994 215 1030 sicut
225 993 287 1031 devota
297 994 389 1031 meditatio
399 995 486 1043 passionis
496 995 577 1041 Domini,
588 1004 604 1031 et
613 994 706 1032 salvatoris
716 998 771 1033 nostri
781 997 820 1033 lesu
831 997 903 1034 Christi.
950 1013 952 1015 ·

170 1054 247 1097 Quoties
257 1067 299 1103 ergo
309 1064 378 1091 motum
387 1054 444 1091 carnis
454 1054 574 1091 inordinatum
585 1055 668 1101 senseris,
678 1055 748 1104 quoties
758 1055 828 1093 hostem
843 1057 903 1093 adesse

169 1112 275 1151 invisibilem
289 1114 310 1151 al
323 1112 423 1151 nocendum
436 1114 544 1162 perceperis,
554 1127 596 1151 mox
606 1114 627 1151 ad
639 1114 746 1162 pendentem
755 1116 773 1152 111
783 1129 833 1152 cruce
846 1115 901 1152 filium

169 1173 202 1209 Dei
216 1173 316 1221 confugito,
324 1172 409 1221 flexisque
418 1173 436 1209 in
445 1182 511 1209 terram
520 1172 602 1221 genibus
611 1173 651 1210 talis
661 1173 683 1210 ad
692 1187 732 1211 eum
742 1173 830 1211 intruetur
839 1175 901 1211 oratio.

169 1231 186 1269 O
200 1232 239 1269 lesu
254 1231 336 1269 crucifixe
350 1245 399 1269 arnor
413 1245 469 1276 111115,
483 1245 514 1280 per
528 1231 610 1270 dolorem
623 1232 716 1270 vulnerum
730 1243 804 1270 tuorum
817 1235 901 1271 miserere

168 1292 211 1337 mei,
226 1305 257 1341 per
270 1293 378 1338 sanctissimi
391 1292 481 1340 sanguinis
495 1293 521 1328 tui
535 1292 641 1329 effusionem
651 1293 714 1329 adiuva
724 1306 753 1329 me
767 1294 784 1330 in
798 1293 832 1330 isto
847 1302 901 1330 cerra-

168 1352 221 1396 mine,
237 1363 253 1389 et
267 1366 298 1401 per
311 1353 395 1389 virtutem
409 1353 566 1389 innocentissimae
576 1354 641 1389 mortis
654 1363 695 1390 tuae
708 1352 763 1390 libera
777 1366 805 1390 me
818 1352 838 1389 ab
852 1353 901 1390 omni

168 1413 240 1458 mentis,
253 1422 271 1448 et
285 1412 365 1459 corporis
380 1412 492 1460 contagione.
501 1412 551 1449 Nihil
564 1411 599 1449 hoc
609 1412 695 1450 orationis
710 1412 764 1450 inodo
778 1411 872 1458 salubrius,
883 1414 900 1450 in

167 1485 200 1519 qua
214 1472 300 1519 passionis
315 1471 380 1509 Christi
394 1470 481 1507 memoria
493 1470 564 1516 colitur,
574 1480 590 1506 et
604 1471 622 1507 111
635 1471 699 1508 virtute
713 1471 806 1509 salvatoris
820 1472 900 1509 omnium

167 1531 260 1577 petitiones
274 1530 377 1568 5011111111,
388 1530 438 1567 Nihil
452 1531 520 1579 antiqui
534 1529 591 1567 hostis
607 1530 679 1567 insidias
689 1532 746 1580 magis
755 1540 845 1576 extenuat,
856 1531 899 1568 nihil

165 1591 211 1627 vires
226 1591 340 1638 malignitatis
354 1591 392 1626 eius
406 1589 457 1644 citius
471 1589 555 1633 infirmat,
570 1602 624 1638 quam
638 1590 652 1625 si
666 1590 742 1627 devotus
756 1590 822 1628 Christi
836 1603 898 1627 servus

166 1650 182 1686 in
203 1650 317 1687 meditatione
336 1650 457 1686 artaarissimae
477 1649 566 1697 passionis
586 1649 661 1685 Domini
682 1649 774 1686 humiliter
793 1660 899 1697 perseverat,

166 1709 324 1753 Quemadmodum
334 1709 361 1745 fur
375 1708 462 1758 quispiam
473 1708 519 1757 fugit
533 1719 572 1745 ante
583 1707 647 1745 faciem
657 1707 720 1745 iudicis
734 1710 864 1758 persequentia,
875 1711 899 1746 sic

165 1767 244 1805 diabolus
258 1768 343 1806 velociter
357 1769 444 1805 evanescit
454 1781 462 1804 a
473 1779 570 1817 conspectu
584 1767 668 1804 monachi
678 1767 780 1804 meditantis
790 1781 830 1804 cum
843 1779 898 1806 atten-

164 1828 212 1864 tione
227 1828 327 1876 passionem
341 1836 358 1864 et
372 1838 448 1864 mortem
462 1827 562 1864 salvatoris.
573 1827 614 1864 Cito
628 1838 688 1864 morus
702 1827 772 1876 iniquae
786 1828 898 1877 cegitationis

164 1888 279 1936 extinguitur,
287 1886 316 1923 ubi
324 1887 410 1935 passionis
418 1887 485 1924 Christi
492 1886 593 1923 araaaritudo
604 1888 625 1923 ad
635 1895 714 1923 mentem
722 1897 822 1924 revocatur.
830 1888 898 1932 Quern-

164 1946 261 1983 admodum
277 1947 306 1983 nix
322 1946 437 1983 incalescente
452 1944 490 1982 sole
506 1946 609 1992 resolvitur,
625 1947 649 1982 ita
665 1945 745 1983 diabolus
758 1959 767 1983 a
783 1946 897 1984 meditatione

164 2006 251 2053 passionis
270 2006 369 2043 dominicae
387 2003 462 2054 fugatur.
481 2005 581 2042 Maximum
596 2006 681 2042 castitatis
699 2006 805 2054 praesidium
822 2017 853 2050 est,
868 2019 897 2043 au-

162 2066 225 2102 xilium
239 2078 308 2113 semper
322 2066 404 2102 invocare
421 2064 507 2102 divimnn.
523 2065 544 2101 Er
558 2065 592 2101 nisi
606 2078 648 2102 mox
665 2078 674 2101 a
690 2065 777 2114 principio
794 2067 896 2103 tentationis

163 2137 242 2162 recurras
257 2124 277 2161 ad
291 2126 397 2170 Dominum,
407 2126 472 2161 senties
487 2125 572 2173 paulatim
585 2137 605 2161 11
615 2136 666 2161 mora
679 2124 813 2163 detrimentum.
822 2125 868 2162 Nam
882 2126 896 2162 si

163 2197 232 2221 moram
246 2185 264 2221 111
278 2183 414 2234 cogitationibus
428 2185 534 2232 perniciosis
547 2184 646 2231 admiseris,
662 2184 784 2221 insensibilem
799 2198 841 2222 mox
857 2186 896 2222 dae-

162 2257 225 2280 mones
242 2244 326 2292 ingerunt
344 2244 446 2280 caecitatem
464 2244 535 2280 inentis.
550 2243 588 2281 Nisi
607 2244 655 2280 enim
673 2256 723 2280 mens
740 2244 788 2291 prius
806 2254 896 2281 excaecata

162 2301 221 2349 fuerit,
239 2303 321 2341 voluntas
339 2303 420 2340 daemoni
438 2316 474 2340 non
492 2301 597 2339 succumbit.
615 2302 746 2339 For-nicationis
763 2300 807 2339 vero
824 2302 895 2350 spiritns

162 2372 239 2399 mentem
249 2363 338 2409 inprimis
352 2363 428 2411 graviter
442 2361 554 2407 obtenebrat,
569 2370 638 2409 postea,
653 2361 710 2398 donec
724 2362 864 2410 praecipitaverit
878 2364 895 2399 in

162 2433 259 2470 peccatum,
273 2421 389 2459 obcoecatum
399 2431 471 2470 pugnat
485 2422 549 2458 Postea
562 2433 670 2470 veroquam
683 2420 792 2458 momchum
806 2423 822 2458 in
837 2422 894 2459 lutum

160 2481 230 2518 nefandi
245 2481 315 2518 sceleris
330 2481 478 2529 praecipitaverit,
493 2494 515 2517 ne
529 2489 626 2528 consurgat
639 2480 704 2516 iterum
719 2480 740 2517 ad
757 2481 893 2529 poenitentiam,

161 2539 229 2576 duobus
242 2553 261 2577 se
274 2540 338 2578 modus
352 2541 453 2588 interponit.
463 2542 499 2576 1111
513 2540 561 2576 enim
575 2539 641 2587 peccati
651 2540 757 2587 gravitatem
770 2538 857 2577 subtiliter
871 2540 894 2577 al-

160 2597 225 2635 leviare
239 2609 317 2643 conatur,
327 2608 346 2636 ut
358 2611 435 2648 poenam
447 2599 534 2647 grandem
544 2610 580 2635 non
590 2607 667 2635 metuat:
682 2608 711 2634 ant
724 2598 855 2636 districtionem
868 2599 894 2635 in-

161 2657 201 2694 dicii
215 2659 264 2706 lapso
278 2660 346 2697 reducit
357 2658 377 2696 ad
392 2660 504 2705 memoriam,
514 2669 532 2695 ut
542 2659 672 2706 desperationis
686 2658 755 2694 foveam
770 2660 851 2695 incurrat
861 2660 893 2695 His

160 2716 227 2767 laqueis
241 2719 309 2766 capitur
323 2719 410 2767 peccatrix
424 2719 488 2765 anima,
499 2730 515 2754 et
525 2727 592 2767 quanto
606 2716 673 2754 diutius
687 2718 759 2754 iacuerit
773 2719 790 2754 in
803 2718 893 2767 profundo
