1968 3023
178 159 212 193 tos
350 156 376 193 Dt
389 155 496 200 abstinentia,
512 163 526 193 et
539 156 599 193 ieiunio
612 155 733 194 utorracborara.

175 238 267 276 ltorninum
284 237 366 274 Christus
380 238 439 281 iesus,
453 239 551 275 destinatus
568 249 587 275 ut
601 237 708 275 illuminaret
725 250 798 274 omnem
814 237 907 275 hominem

174 299 275 334 venientem
289 298 305 333 in
320 297 367 334 hunc
380 297 473 343 mundum,
482 298 515 334 Dei
525 296 629 335 mortalibus
639 298 760 346 cognitionem
774 297 851 341 tradidit,
862 310 908 334 mor·
937 298 939 302 “

174 366 250 406 tuusque
264 370 296 405 pro
309 356 383 405 perditis
397 358 492 394 sitammam
507 369 577 393 causam
595 357 661 393 amoris
675 356 771 404 redemptis
788 356 906 405 consignavit

173 417 286 455 Intellectum
301 416 376 454 erudivit
389 430 420 466 per
434 416 493 462 fidem,
503 429 537 465 qua
546 416 607 452 Deum
618 417 753 464 cognoscimus;
767 415 851 452 allectum
866 428 907 452 cott-

174 477 234 513 citovit
243 489 274 525 per
284 477 390 525 passionem,
401 488 436 525 quo
446 476 504 523 ipsum
518 487 570 523 super
580 475 640 511 omnia
653 475 718 511 merito
729 474 830 523 diligamus.
840 475 907 524 ltaque,

175 537 189 573 si
203 536 310 579 Dominum,
325 545 341 572 et
355 535 492 584 Redemptorem
510 545 591 572 nostrum
605 535 673 583 integra
690 535 790 571 sinceritate
805 534 906 583 diligimus,

174 596 248 645 dignum
264 607 290 633 est
299 595 357 644 plane,
368 604 386 630 ut
400 606 465 643 corpus
478 603 558 630 nostrum
569 606 601 641 pro
611 594 648 630 eins
662 606 722 631 amore
736 595 849 643 castigemus,
860 595 906 632 Con-

174 657 226 694 ducet
242 657 289 692 enim
306 668 338 691 nos
356 653 460 691 abstinentia
474 663 536 691 nostra
553 653 618 702 duplici
633 654 701 691 ratione
717 654 738 691 ad
754 652 849 693 meritum:
863 655 906 692 dum

174 716 256 753 videlicet
274 716 370 752 ieiunantes
388 726 419 762 per
436 711 555 750 obedientiam
573 714 642 750 statutis
661 723 730 762 patrum
748 710 876 752 satisfacimus:
890 724 907 751 et

174 775 282 812 abstinentes
296 787 327 823 pet
336 773 438 810 charitatem
449 773 488 818 Dei,
499 785 532 809 uos
545 771 653 821 redemptori
667 783 734 818 nostro,
745 775 774 822 qui
788 774 845 810 nostri
855 786 907 810 causa

174 845 250 872 mortem
264 833 352 876 sustinuit,
367 842 426 881 gratos
443 831 553 868 exhibemus.
567 830 677 869 Abstinentia
691 833 774 869 meritum
789 843 849 882 auget,
864 832 906 869 obe-

174 894 258 931 dientiam
277 892 399 937 commendat,
416 890 530 939 sapientiam,
549 901 566 927 et
584 890 703 928 eruditionem
720 901 806 940 praestat,
822 891 906 928 affectum

174 964 242 1002 purgat,
257 951 365 988 intellectum
383 951 479 996 illuminat,
493 951 585 987 victoriam
600 960 661 987 contra
674 952 769 988 daemones
783 950 852 998 tribuit,
866 951 906 988 reli-

173 1013 246 1062 gionem
263 1011 340 1060 perlicit,
356 1011 426 1047 veniam
445 1020 559 1059 peccatorum
577 1012 668 1058 impetrat,
682 1020 741 1048 motus
760 1011 817 1047 carnis
834 1010 906 1048 illicitos

174 1070 240 1114 domat,
250 1069 358 1107 orationibus
372 1069 468 1106 efficaciam
482 1069 572 1115 conciliat,
583 1069 684 1118 exemplum
698 1070 768 1106 virtutis
781 1071 865 1118 proximo
879 1070 907 1107 de-

174 1131 233 1167 clarat.
247 1129 358 1166 Abstinentia
368 1138 446 1166 mentem
457 1128 544 1178 purificat,
553 1130 631 1165 animam
641 1128 735 1165 virtutibus
747 1140 805 1174 ornat,
815 1129 906 1167 infirmnm

173 1187 299 1237 corpusculum
312 1197 366 1224 sanat.
381 1188 416 1231 Qui
430 1187 488 1236 diligit
502 1186 632 1234 abstinentiam,
642 1189 711 1237 sapiens
725 1197 760 1226 est:
774 1189 805 1237 qui
818 1189 905 1227 ieiunium

173 1257 226 1291 amat,
240 1247 341 1284 dominator
355 1246 410 1283 fortis.
426 1248 476 1283 Mens
490 1247 548 1284 sobria
562 1247 673 1284 domicilium
687 1249 788 1296 sapientiae:
803 1249 833 1297 qui
846 1259 906 1286 autem
923 1282 925 1285 ⁴

173 1316 249 1344 sectatur
266 1307 356 1352 convivia,
371 1308 388 1342 iu
401 1314 479 1354 egestate
497 1307 551 1343 attirni
569 1308 661 1343 morietur.
676 1306 752 1343 Difficile
770 1317 797 1343 est
812 1306 905 1345 hominem

173 1368 246 1404 evadere
260 1367 364 1416 sapientem,
373 1366 403 1414 qui
412 1365 467 1402 vitam
478 1366 513 1415 agit
526 1367 544 1402 in
558 1367 631 1403 deliciis.
640 1366 702 1403 Paucis
713 1376 825 1404 contentatur
837 1378 905 1405 natura:

173 1426 221 1463 etin
238 1424 314 1462 modicis
332 1425 377 1461 vitae
393 1425 458 1461 sanitas
476 1435 597 1462 conservatur.
612 1425 672 1462 Multis
686 1427 746 1463 nocuit
764 1426 831 1463 diutius
849 1428 906 1464 conti-

172 1495 226 1522 nuata
239 1485 334 1529 voracitas,
349 1493 365 1520 et
379 1482 439 1531 plures
453 1484 531 1532 crapula,
543 1497 595 1533 quam
609 1484 667 1533 gladio
681 1485 777 1533 perierunt.
787 1485 905 1523 Consuetudo

172 1546 220 1582 enirn
233 1555 313 1581 naturam
327 1543 401 1580 alterare
414 1544 492 1589 viderur,
503 1543 597 1592 et'quanto
611 1543 676 1580 diutius
685 1543 799 1588 convaluerit,
809 1555 858 1582 tanto
870 1546 905 1582 iam

172 1604 237 1641 fortior
252 1604 269 1639 in
287 1601 365 1652 quolibet
382 1604 458 1651 negocio
476 1603 515 1639 erit,
529 1602 560 1639 Est
577 1603 623 1651 apud
638 1603 729 1654 Helvetios
747 1603 802 1641 homo
819 1604 905 1641 Nicolaus

172 1663 254 1705 nomine¹
269 1663 319 1698 cuins
333 1660 437 1698 abstinentia
447 1662 502 1699 totius
512 1661 618 1699 Germaniae
629 1662 711 1699 homines
725 1663 813 1700 convertit
823 1663 840 1699 in
849 1663 905 1700 admi-

172 1723 267 1767 rationem,
284 1731 301 1757 et
314 1720 377 1766 hodie,
393 1722 437 1757 sicut
454 1719 557 1766 audivistis,
570 1721 587 1756 in
601 1733 632 1757 ore
649 1722 729 1758 omnium
748 1734 789 1757 cum
807 1723 904 1759 sanctitatis

172 1782 225 1818 titulo
242 1780 349 1818 nominatur.
363 1780 379 1816 is
393 1779 483 1829 quondam
501 1780 579 1816 ruricola
596 1780 614 1815 in
631 1779 708 1829 quodam
721 1780 847 1817 Helvetiorum
864 1781 904 1817 vico

172 1843 254 1884 existens,
262 1853 312 1877 more
326 1852 435 1889 paganorum
444 1840 490 1876 inter
499 1839 635 1888 quatuordecim
644 1840 670 1875 ius
681 1839 738 1876 dicere
748 1841 840 1877 consuevit
853 1839 905 1877 alter-

63 1905 150 1946 unicornui-
172 1900 251 1938 cantibus
264 1899 338 1936 villanis.
353 1899 433 1947 Contigit
447 1912 488 1935 eum
498 1898 575 1948 quodam
589 1909 669 1947 tempore
683 1900 788 1936 seutentiam
801 1912 838 1937 non
852 1912 904 1948 posse

62 1939 150 2000 libidis
172 1972 257 1998 revocare
270 1959 366 2001 sociorum,
380 1971 431 2007 quant
447 1958 519 2005 putabat
533 1959 618 2007 iniquam,
631 1968 748 2007 metuensque
760 1958 822 1995 salutis
836 1955 905 1996 anitnae

63 2009 145 2035 mmm·
171 2032 213 2056 suae
225 2017 330 2066 periculum,
345 2017 411 2054 relictis
425 2016 487 2061 domo,
502 2016 618 2063 uxore,filiis,
633 2028 650 2054 et
663 2019 730 2054 cunctis
744 2017 805 2055 mundi
819 2019 904 2068 negociis,

172 2093 192 2117 ac
205 2078 265 2123 rebus,
276 2077 324 2114 solus
334 2078 351 2114 in
361 2077 440 2113 vicinum
450 2090 512 2113 nemus
526 2090 558 2125 pro
568 2077 601 2113 Dei
615 2077 686 2114 secessit
696 2090 762 2122 amore,
772 2079 835 2127 inquo
849 2079 904 2115 vitatu

171 2138 261 2175 solitarius
279 2137 320 2185 agit.
336 2136 358 2172 Et
375 2149 415 2173 ecce
433 2149 489 2173 annus
506 2137 559 2173 hodie
576 2137 683 2185 vigesimus,
697 2150 717 2173 ex
734 2150 770 2186 quo
787 2137 904 2175 solitudinem

171 2201 261 2248 ingressus
275 2197 334 2234 cibum
351 2210 387 2233 non
405 2197 481 2244 sumpsit
499 2196 603 2234 humanum.
616 2195 705 2233 Omnibus
718 2197 812 2234 notissima
829 2197 903 2247 loquor,

171 2270 204 2295 nec
217 2257 308 2293 homiuem
318 2257 335 2292 in
345 2256 441 2293 Germania
454 2256 513 2292 vivere
527 2264 576 2304 puto,
588 2256 618 2304 qui
632 2255 696 2292 famam
710 2255 763 2293 huius
773 2257 854 2293 miraculi
868 2270 904 2294 uon

171 2316 262 2354 audiverit.
276 2316 297 2352 Et
311 2328 332 2351 ne
350 2316 389 2364 quis
403 2314 478 2352 forsitan
495 2315 513 2352 iu
531 2325 623 2364 posterum
641 2314 754 2353 simulatione
772 2315 855 2364 deceptos
870 2329 903 2353 nos

171 2375 236 2422 credat,
250 2375 364 2412 Helvetianos
379 2368 412 2411 tina
427 2387 467 2410 cum
482 2374 562 2423 praesule
572 2374 713 2411 Constantiensis
727 2374 810 2411 ecclesiae
823 2375 841 2411 in
855 2376 903 2411 testi·
951 2382 953 2385 '

171 2435 252 2472 monium
266 2435 346 2477 citamus,
356 2435 386 2483 qui
396 2446 460 2477 mores,
471 2442 489 2470 et
499 2435 553 2470 vitam
562 2434 600 2469 eius
610 2429 729 2470 curiosissime
743 2433 843 2490 observent,
856 2435 903 2470 Acu-

170 2495 250 2531 tissimus
265 2495 336 2543 ingenio
345 2494 372 2529 vir
386 2504 417 2537 est,
428 2494 458 2542 qui
472 2507 512 2530 cum
522 2494 544 2530 sit
556 2493 649 2530 literarum
662 2494 742 2541 paenitus
756 2495 833 2543 ignarus,
843 2504 903 2531 tamen
934 2505 935 2508 ’

170 2554 220 2603 quasi
233 2553 276 2590 alter
293 2555 365 2590 eremita
381 2552 471 2602 quondam
484 2554 573 2590 Antonius
590 2565 661 2589 sensum
678 2553 745 2600 optime
759 2553 810 2591 callet
823 2550 906 2602 scriptu!

170 2625 236 2650 rarum.
250 2613 342 2659 Vidimus,
357 2626 401 2662 qtrae
415 2613 533 2649 disertissime
552 2625 592 2655 cum
608 2612 683 2661 quodam
702 2612 796 2661 disputavit
815 2614 901 2662 magistro

170 2673 191 2710 de
205 2682 315 2709 sacramento
329 2672 392 2716 altaris,
407 2685 451 2721 quae
464 2673 507 2708 satis
521 2672 581 2708 mirari
596 2684 633 2708 non
646 2672 718 2720 poterit,
731 2673 761 2722 qui
775 2672 857 2710 caelestia
870 2685 901 2721 per
