1968 3023
56 375 80 402 Vir
88 377 131 403 bonus

47 419 127 447 uunquam

43 446 84 472 solus.

57 750 100 776 Amor
106 749 131 776 Dei

47 792 127 819 nunquam

42 820 101 845 otiosum
115 819 131 845 si·

42 854 60 880 nit
70 863 98 881 esse
107 854 131 880 lto-

42 890 97 916 minem

44 1732 47 1739 ²
63 1698 131 1739 paradisus

43 1741 56 1759 ni
74 1741 131 1767 synceris

43 1768 131 1795 alunantiae,

151 245 174 285 42
358 233 384 274 Dc
398 232 454 274 labore
467 232 588 274 ildorrarlroruru
600 233 680 274 triennali.

153 329 227 367 corpore
241 328 277 354 non
290 325 358 366 potest,
373 325 433 354 mente
448 315 581 366 complectitur:
596 326 613 353 et
622 316 637 354 si
646 315 742 354 hominum
756 318 816 368 inopia
829 317 888 365 fuerit,

152 375 232 426 loquitur
241 388 281 413 curn
291 377 337 413 Deo.
346 377 444 426 Nunquam
454 388 496 427 ergo
505 376 532 412 vir
541 374 598 413 bonus
607 375 656 414 solus
666 376 704 414 eric.
717 376 779 427 ltaque
788 378 888 416 consistens

151 437 169 473 in
183 436 227 474 cella
240 445 275 482 tua,
289 449 360 485 semper
369 437 429 474 ocium
440 443 509 473 caveto:
520 436 605 484 quoniam
614 435 658 473 nihil
667 436 691 473 ita
700 436 748 473 vires
757 437 823 475 mentis
837 450 887 476 euer-

151 505 181 534 uat
190 508 258 541 ornnes,
270 495 316 533 sicut
325 495 394 542 ocium,
402 505 519 544 posteaquam
528 500 550 530 ex‘
558 507 577 531 se
585 493 689 544 produxerit
698 494 791 534 accidiam.
801 497 820 535 Si
829 497 887 535 Denrn

152 555 233 594 ardenter
242 556 335 601 amareris,
345 566 437 604 tauriquam
450 555 485 591 eris
499 554 577 601 ociosus,
587 554 628 603 quia
641 566 693 591 uerus
707 554 775 593 Christi
788 569 839 594 artior
851 570 888 595 non

151 615 193 652 sinit
202 616 220 653 in
229 616 289 652 animo
298 614 346 651 nasci
355 624 456 663 torporem,
463 612 494 649 sed
503 612 579 662 impellit
592 625 662 663 semper
675 613 697 650 ad
706 613 817 652 voluntatem
827 615 888 653 dilecti

151 686 246 712 amantem.
255 674 277 711 Et
286 674 339 711 sicuti
349 673 420 723 quidam
432 672 525 709 carnaliter
533 672 602 720 sapiens
611 673 698 709 veraciter
708 673 759 720 dixit,
766 674 797 723 qui
805 687 842 712 non
849 674 887 713 vult

151 733 190 771 fieri
203 733 308 779 desidiosus,
322 742 375 779 amet,
388 731 413 768 ita
430 744 463 768 nos
481 730 541 768 docuit
559 732 666 780 experientia
680 731 698 768 in
712 745 775 770 amore
792 734 886 782 spirituali,

151 794 192 843 quia
205 802 291 839 mentem,
302 804 356 842 quam
365 790 464 828 inhabitare
475 790 558 840 coeperit,
568 799 670 839 torpescere
679 791 727 836 ocio,
737 800 755 828 et
768 793 839 841 ignavia
851 807 887 831 non

150 853 243 902 permittit.
258 851 332 901 Semper
349 852 398 888 enim
411 850 433 888 ad
445 850 520 888 meliora
537 849 606 887 divinus
623 863 674 888 amor
691 851 775 900 impellit,
790 862 807 889 et
822 863 888 902 quanto

151 912 191 963 plus
204 910 282 949 ardendo
291 909 394 960 profecerit,
403 920 453 947 tanto
461 909 489 946 sui
498 910 555 947 maius
565 909 695 948 incrementum
705 910 765 948 sumit.
774 911 833 949 Huius
845 925 888 950 vero

151 972 268 1021 ergasterium
282 970 349 1008 amoris
363 979 389 1007 est
403 969 511 1007 conscientia
521 970 591 1014 larunda,
600 982 653 1019 quant
667 971 682 1007 si
696 970 802 1015 monachus,
812 982 829 1008 et
839 971 887 1021 quod

151 1032 222 1078 hahere,
235 1041 252 1069 et
265 1042 371 1068 conseruare
388 1029 475 1067 mundam
488 1027 580 1073 desiderat,
593 1042 667 1067 necesse
680 1030 699 1066 in
716 1031 779 1080 primis
795 1040 826 1073 est,
840 1030 888 1081 quod
915 1034 917 1037 ’

152 1090 213 1128 muradi
226 1090 318 1132 vanitates,
332 1099 350 1126 et
363 1101 423 1126 rerum
437 1088 564 1136 temporalium
578 1089 653 1138 negocia
666 1099 776 1127 contemnat.
784 1090 826 1128 Non
840 1090 887 1128 enim

151 1149 235 1201 possibile
248 1160 281 1196 est,
296 1149 345 1199 qu‘od
359 1151 441 1199 gentinus
455 1150 473 1185 in
487 1161 522 1185 uno
540 1148 615 1185 resideat
632 1159 705 1198 pectore
723 1162 780 1196 antor,
793 1162 825 1187 nec
837 1162 888 1199 prte-

152 1210 199 1248 ualet
212 1210 268 1247 homo
278 1208 352 1257 diligere
362 1209 461 1254 Christum,
471 1208 501 1257 qui
514 1220 551 1245 non
559 1208 598 1244 vult
611 1217 728 1246 contemnere
737 1208 830 1247 mundum.
840 1210 887 1246 Deus

152 1283 221 1320 nanque
234 1270 253 1306 in
265 1268 354 1305 Trinitate
362 1268 489 1311 Personarum,
503 1280 543 1304 cum
557 1267 579 1304 sit
592 1267 610 1303 in
623 1269 700 1305 essentia
713 1267 821 1305 substantiae
834 1281 886 1315 unns,

152 1339 182 1367 ant
195 1328 243 1376 solus
257 1326 331 1365 anobis
345 1326 431 1376 diligitur,
445 1336 475 1363 aut
489 1339 530 1363 cum
543 1327 593 1364 socio
607 1339 643 1364 non
657 1337 732 1364 amatur.
743 1327 767 1364 Ut
780 1328 835 1378 igitur
848 1341 888 1365 con·

151 1389 229 1426 scientia
238 1388 255 1424 in
269 1387 319 1424 omni
332 1387 410 1435 puritate
424 1395 526 1435 permaneat
540 1385 610 1430 munda,
624 1395 679 1434 utque
693 1386 752 1423 Deum
766 1399 824 1424 arraare
838 1399 888 1424 inens

152 1448 207 1486 ualeat
221 1459 273 1496 super
286 1446 353 1491 onmia,
367 1455 457 1482 secretum
471 1443 525 1482 cellae
538 1444 636 1482 monachus
650 1445 719 1494 diligat,
732 1456 749 1483 et
762 1459 853 1496 nunquam
866 1445 887 1483 al]

151 1509 230 1546 internae
244 1504 342 1544 dulcedinis
355 1505 442 1542 exercitio
455 1504 531 1542 recedat,
544 1504 564 1541 ln
577 1504 621 1541 cella
633 1506 682 1542 enim
699 1504 752 1552 horti,
770 1515 787 1543 et
804 1506 887 1554 sapientis

151 1566 234 1606 monachi
243 1578 314 1603 sunrrna
323 1563 442 1615 tranquillitas
456 1574 492 1601 est:
506 1575 524 1601 et
537 1564 552 1600 si
565 1564 634 1613 uspiam
648 1576 675 1602 est
688 1565 781 1614 paradisus
793 1567 887 1611 terrestris,

151 1629 168 1665 in
182 1626 290 1665 monasterio
307 1634 334 1661 est
347 1637 418 1670 eorum,
431 1625 461 1674 qni
479 1622 500 1661 ad
517 1624 612 1672 puritatem
629 1624 747 1662 institutionis
766 1624 887 1662 coenobiticae

151 1694 284 1725 conservantur.
298 1684 329 1721 Est
342 1683 367 1720 ibi
379 1696 420 1732 pax,
434 1684 498 1733 pietas,
509 1682 583 1726 bonitas,
594 1682 630 1729 lun,
641 1684 704 1728 uirtus,
716 1685 811 1722 honestas:
825 1693 851 1722 est
864 1684 888 1722 ibi

150 1747 241 1796 gaudium,
255 1745 330 1793 puritas,
341 1741 425 1789 dulcedo,
440 1754 457 1779 et
471 1753 534 1791 taragna
547 1743 593 1779 uitae
606 1742 735 1792 tranquillitas:
750 1742 780 1780 ubi
789 1743 888 1781 rnorrachus

151 1815 210 1843 orator
224 1804 299 1841 devotus
314 1815 355 1839 curn
364 1802 446 1838 Domino
459 1800 544 1850 loquitur,
553 1811 570 1837 et
583 1800 642 1838 futura
656 1802 738 1839 caelestis
748 1804 798 1852 regni
811 1804 887 1840 suavitas

151 1862 312 1911 acontemplatiuo
330 1861 387 1898 milite
404 1870 533 1910 praegustatur.
547 1860 564 1897 O
578 1860 621 1898 cella
635 1861 768 1899 rnoraachorum
782 1863 821 1900 Deo
838 1875 887 1900 vera-

152 1926 194 1962 citer
203 1922 318 1961 seruientium
328 1920 427 1970 paradisus:
436 1928 455 1956 tu
466 1929 512 1957 certe
521 1920 602 1957 hortulus
612 1933 630 1956 es
640 1920 776 1958 honestissimae
785 1922 887 1971 voluptatis,

151 1985 218 2033 inquo
232 1994 282 2018 mens
292 1981 332 2017 Deo
345 1992 377 2028 per
389 1992 470 2016 amorem
480 1979 600 2027 coniungitur,
614 1990 630 2016 et
643 1992 676 2028 per
690 1979 799 2018 desiderium
813 1981 887 2018 dulciter

152 2045 234 2082 elevatur.
244 2040 352 2083 Monachus,
362 2040 392 2089 qui
402 2050 419 2076 te
429 2038 491 2087 diligit,
501 2050 601 2083 veneratur,
611 2050 628 2076 et
638 2039 685 2083 colit,
695 2052 747 2077 verus
758 2041 823 2078 Christi
836 2041 887 2078 miles

151 2115 182 2148 est,
197 2114 214 2140 et
227 2103 308 2140 Domino
324 2101 342 2137 in
356 2096 465 2149 plenitudine
482 2098 569 2135 uirtutum
582 2099 665 2136 deservit.
679 2098 711 2136 llle
724 2112 775 2147 uero,
788 2100 818 2149 qui
835 2100 888 2138 cellae

152 2173 240 2202 secretam
252 2161 343 2206 abhorret,
358 2170 374 2196 et
388 2158 461 2203 deserit,
471 2157 531 2194 salutis
540 2158 621 2205 propriae
631 2156 722 2195 officinam
736 2160 840 2197 contemnit.
850 2159 887 2197 Vos

151 2226 210 2273 igitur,
220 2223 283 2260 iratres
297 2220 332 2257 mei
347 2218 452 2260 charissimi,
466 2229 535 2266 precor,
548 2226 567 2253 ut
579 2225 668 2254 secretum
678 2217 732 2255 cellae
745 2218 833 2267 incipiatis
847 2231 886 2256 cum

151 2283 239 2321 desiderio
253 2281 319 2318 inentis
328 2277 420 2316 incolere:
435 2276 472 2313 siue
481 2277 530 2313 cuius
539 2288 600 2313 artiore
609 2276 668 2314 nullus
682 2275 704 2313 ad
717 2276 845 2327 perfectionem
854 2279 887 2315 uir-

151 2352 210 2380 tutum
225 2341 243 2378 in
257 2338 346 2378 coenobio
360 2336 426 2387 poterit
440 2335 538 2384 pervenire.

302 2469 329 2498 De
340 2468 395 2498 labore
405 2465 520 2496 Mercuriorum
530 2463 604 2495 mammii,
615 2463 688 2494 Horatiiia
699 2464 736 2495 VII.

190 2589 256 2617 anonas
270 2583 355 2616 tirannum
370 2587 440 2614 tuarum
454 2575 495 2625 quia
508 2572 629 2622 manducabis,
644 2574 701 2625 inquit
710 2574 800 2625 Propheta
808 2577 887 2620 Domini,

198 2639 259 2676 beatus
273 2653 299 2685 es,
315 2647 332 2677 et
344 2638 388 2676 hene
402 2636 434 2674 tibi
448 2637 486 2674 erit.
496 2635 514 2672 Si
527 2634 571 2673 beati
585 2646 680 2673 censentur
694 2649 762 2684 onnes,
772 2637 801 2686 qui
815 2639 887 2686 proprio

152 2712 240 2739 manuum
254 2699 335 2737 victitant
349 2699 370 2737 dc
384 2697 455 2736 labore:
469 2709 523 2735 nemo
537 2707 583 2734 certe
595 2708 660 2745 panem
674 2697 769 2734 manducat
782 2697 820 2735 sine
832 2706 887 2744 reatu,

154 2771 170 2800 et
184 2759 258 2799 crimine
276 2760 353 2797 ociosus,
368 2758 489 2808 Omnipotens
505 2768 575 2807 nanque
587 2756 637 2794 Deus
653 2757 700 2799 hanc
715 2756 825 2810 protoplasto
838 2756 887 2796 Adue
