1968 3023
33 791 107 817 Concilium

23 826 106 852 Constan-

20 861 74 887 tiense
86 868 107 885 re·

20 895 72 921 formari
78 903 108 921 coe·

20 930 58 956 nobia
68 930 107 955 sanci-

20 971 42 990 vu.

46 2211 109 2239 Nieolaus

23 2247 82 2273 Cusanus
90 2246 110 2271 uir

22 2282 110 2308 doctissimus.

131 171 165 206 186
293 170 373 217 Quaerit
386 171 468 209 ordinatio
481 172 526 208 oitoc
539 172 638 207 monasticae
651 171 699 207 aaran

129 262 207 297 quornm
220 250 298 286 iustitiae
307 263 396 300 nunquam
406 251 498 288 tradentur
508 250 595 287 oblivioni
600 266 605 297 3
619 250 649 299 qui
662 250 722 287 ruinae
736 249 802 287 ordinis
814 263 862 287 com-

129 309 224 355 patientes,
239 310 333 346 humerum
353 310 450 347 submisere
463 309 525 353 labori,
541 321 557 345 et
571 322 622 356 eum,
636 309 722 359 largiente
736 309 809 346 domino
827 308 863 346 suf-

129 366 213 417 fragium,
228 369 246 405 in
259 369 320 405 multis
334 370 377 406 locis
391 378 516 406 restaurarunt.
531 369 599 405 Multae
617 369 689 417 quidem
703 369 761 405 variae
777 368 863 406 reforma-

128 427 187 464 tiones
197 428 213 463 in
228 429 297 474 ordine,
308 429 422 477 particulares
436 428 529 465 multoties
543 428 618 465 diversis
634 427 744 476 temporibus
757 429 863 477 viguerunt3

128 485 159 523 sed
173 486 220 523 nulla
234 487 268 524 fuit
282 501 358 536 unquam
372 488 467 536 generalis,
482 500 527 536 quae
541 497 599 524 totum
614 488 694 524 ordinem
709 487 729 524 ad
744 489 862 537 integritatem

128 547 214 595 regularis
233 547 354 585 observantiae
372 548 469 585 reduceret.
486 548 568 597 Denique
585 548 699 596 particulares
716 548 862 591 instaurationeS,

128 619 171 653 quas
190 606 249 655 plures
267 607 321 644 fuisse
338 608 426 653 dirimas,
441 608 491 657 quasi
510 621 572 645 omnes
590 608 676 655 collapsas
693 608 758 644 iterum
775 607 863 644 videmus,

127 665 231 703 Novissime
245 678 309 710 autem,
323 682 344 705 eo
356 667 438 704 videlicet
452 680 498 703 anno
513 667 657 705 Christianorum
672 667 768 704 millesimo
782 666 863 716 quadrin-

128 726 234 774 gentesimo,
244 737 296 775 atque
306 727 397 775 vigesimo,
407 740 442 775 quo
457 727 553 764 concilium
567 727 649 776 generale
662 726 781 763 celebrabatur
790 728 807 763 in
817 726 863 763 Con-

128 785 201 828 stantia,
215 797 261 822 nova
279 786 364 834 quaedam
383 794 399 822 et
417 787 502 822 hactenus
519 786 582 822 ultima
598 786 703 823 reformatio
721 786 831 834 particularis
846 786 863 821 in

129 843 236 879 Alernannia
253 844 328 892 sumpsit
345 844 446 890 eaordiurn;
461 856 505 893 quae
519 858 528 881 a
542 844 620 893 quodam
639 844 726 882 coenobio
744 845 761 880 in
777 844 863 881 Saxoniae

128 900 219 949 partibus,
234 914 275 938 runc
292 903 362 951 quidem
382 904 462 940 omniurn
478 905 601 952 pauperrimo,
616 904 663 953 quod
677 903 777 940 Bursfeldia
794 916 863 941 nuncu-

128 970 189 1008 patur,
203 961 326 1010 appellationis
344 976 385 999 suae
402 963 476 1000 sortitur
489 963 603 1006 vocabulum.
617 964 687 999 Primus
701 976 743 1000 vero
761 973 833 1009 auctor,
847 972 863 999 et

129 1022 210 1069 princeps
224 1021 276 1058 buius
289 1020 422 1059 reformationis
435 1023 558 1058 sanctissimae
572 1022 605 1058 fuit
620 1023 693 1059 loannes
707 1015 757 1060 Rode
774 1021 825 1058 abbas
840 1022 863 1057 in-

129 1080 185 1128 signis
203 1081 307 1116 monasterii
323 1082 378 1117 sancti
397 1082 474 1117 blathiae
492 1081 539 1128 apud
556 1081 652 1119 Treviros:
671 1083 700 1130 qui
718 1082 805 1129 generalis
823 1081 864 1117 visi-

129 1148 177 1176 tator
194 1138 262 1176 ordinis
280 1141 385 1176 constitutus
403 1152 412 1175 a
431 1139 509 1189 praefato
527 1141 660 1178 Constantiensi
678 1140 766 1185 concilio,
785 1154 806 1177 ne
825 1140 863 1177 aliis

130 1199 233 1246 praedicans
246 1200 284 1247 ipse
297 1199 403 1237 iudicaretur
420 1199 517 1249 reprobus,
532 1201 678 1249 reformationem
693 1202 770 1249 primum
785 1199 864 1237 exhibuit

130 1258 148 1294 in
164 1259 267 1307 semetipso.
281 1258 390 1296 Reformavit
404 1261 459 1303 eninr,
474 1271 490 1296 et
504 1272 523 1296 se
536 1261 553 1296 in
568 1260 636 1307 primis,
652 1270 669 1296 et
682 1259 781 1297 monachos
794 1272 863 1296 memo-

129 1319 163 1354 rati
177 1319 287 1361 monasterii,
302 1319 437 1365 constitutiones
455 1318 510 1356 edidit
528 1318 629 1356 conformes
643 1318 724 1367 regulae,
739 1329 756 1355 et
770 1319 863 1356 confirma·

130 1379 200 1414 tionem
218 1378 273 1414 sancti
288 1379 347 1426 operis
365 1379 466 1427 impetravit
484 1379 530 1415 sedis
547 1379 661 1427 apostolicae.
679 1378 727 1415 lntet
745 1380 805 1415 ontnia
820 1390 863 1415 vero

131 1436 217 1474 coenobia
235 1437 302 1474 ordinis
319 1437 417 1474 Bursfeldia
435 1440 563 1475 monasterium
579 1438 655 1481 humile,
669 1448 722 1487 atque
737 1436 864 1486 pauperculum

129 1495 174 1532 hanc
188 1496 335 1533 reformationem
349 1498 407 1544 primo
421 1497 503 1544 suscepit,
518 1510 571 1545 quarn
585 1509 646 1544 postea
662 1498 679 1532 in
693 1497 810 1540 Reinlrausen,
821 1497 864 1532 etin

129 1567 184 1602 pauca
198 1555 284 1592 Saxoniae
298 1556 405 1592 monasteria
419 1555 451 1592 sibi
465 1556 522 1592 vicina
536 1555 621 1593 dilatavit,
635 1557 707 1592 Mortuo
718 1555 788 1592 tandem
799 1556 864 1592 loanne

129 1614 180 1652 Rode
197 1613 258 1664 abbate
275 1615 331 1650 sancti
348 1615 426 1651 Mathiae
443 1615 523 1662 principe
541 1614 673 1651 reformationis
692 1625 772 1659 nostrae,
786 1628 826 1651 cum
846 1614 864 1649 in

129 1674 193 1711 eodem
208 1673 247 1710 loco
261 1687 297 1711 non
310 1675 419 1711 inveniretur
433 1688 464 1722 pro
479 1674 582 1711 dilatatione
597 1675 675 1723 incoepti
688 1675 758 1724 negocii
773 1687 864 1711 successor

130 1733 212 1778 idonem,
227 1733 301 1770 loannes
316 1732 337 1770 de
350 1734 419 1781 Hagen]
433 1732 485 1770 abbas
499 1732 635 1780 bursfeldensis,
649 1734 679 1782 qui
693 1735 727 1770 iam
742 1744 788 1770 certa
803 1745 864 1769 anona·

129 1793 182 1828 steria
196 1791 331 1838 reformaverat,
341 1793 368 1829 vir
378 1802 455 1843 sanctus,
465 1801 482 1829 et
496 1793 573 1828 multum
583 1792 653 1829 zelosus
666 1804 698 1841 pro
713 1792 781 1837 ordine,
789 1794 865 1829 instante

129 1852 263 1901 archiepiscopo
273 1851 391 1888 Trevirorum
400 1851 471 1897 Iacobo,
482 1851 548 1888 electus
558 1852 597 1888 fuit.
612 1852 650 1896 Qui
663 1864 695 1888 sua
708 1861 810 1900 paupertate
822 1865 864 1888 con-

129 1920 196 1956 tentus,
210 1910 325 1947 Bursieldiam
340 1924 375 1948 non
390 1912 479 1948 consensit
493 1910 591 1956 dimittere,
606 1925 627 1947 ne
641 1910 710 1948 divitias
726 1912 826 1960 paupertati
839 1912 864 1946 vi-

129 1968 200 2006 deretur
210 1969 338 2018 praeposuisse.
353 1969 418 2005 lvlansit
428 1969 482 2018 igitur
495 1969 513 2005 in
527 1982 560 2005 suo
570 1969 686 2015 monasterio,
696 1981 712 2006 et
723 1969 766 2005 alius
776 1970 793 2006 in
804 1969 864 2005 locum
885 1970 889 1979 ¹

129 2029 183 2077 primi
193 2027 315 2066 refornratoris
325 2028 415 2065 ordinatus
429 2028 467 2065 fuit.
482 2028 518 2072 Qui
533 2042 573 2064 cum
588 2042 645 2077 neque
659 2028 744 2071 doctrina,
755 2041 812 2078 neque
825 2028 864 2064 zelo

129 2089 238 2125 antecessori
255 2101 287 2124 suo
304 2088 392 2124 videretur
409 2087 549 2136 comparandus,
563 2100 625 2136 parum
643 2101 675 2136 pro
690 2088 823 2125 continuatione
839 2087 864 2122 in-

130 2149 189 2185 choati
202 2148 270 2196 negotii
285 2149 343 2196 potuit
360 2147 439 2191 edicere,
453 2159 486 2183 nec
502 2146 648 2184 reformationem
663 2148 680 2183 in
694 2147 760 2183 multos
773 2146 864 2195 ampliare.

130 2207 212 2255 Contigit
229 2208 295 2243 interea
310 2206 404 2242 Nicolaum
418 2207 509 2243 Cusanum
527 2214 598 2242 sanctae
613 2207 702 2243 Romanae
720 2204 803 2241 ecclesiae
817 2217 864 2253 pres-

129 2266 212 2316 byterum
227 2265 343 2312 cardinalem,
356 2266 464 2313 apostolicae
479 2264 525 2302 sedis
539 2265 617 2312 legatum
630 2265 691 2300 venire
706 2266 724 2301 in
737 2264 862 2301 Germaniam:

131 2327 215 2376 quicum
229 2325 268 2362 zelo
282 2338 346 2372 magno
360 2324 436 2361 ferveret
449 2323 517 2361 ordinis
531 2324 595 2369 nostri,
604 2323 661 2359 multa
674 2335 706 2371 pro
720 2323 766 2359 illius
780 2323 864 2360 reforma-

130 2388 179 2423 tione
193 2386 294 2431 consrituit,
308 2393 325 2420 et
342 2383 419 2421 indulsit.
434 2384 514 2420 Audiens
531 2393 591 2420 autern
605 2382 680 2431 praefati
697 2382 763 2419 abbatis
779 2383 795 2419 in
813 2384 864 2419 Burs-

130 2444 184 2482 feldia
197 2447 263 2481 famam
276 2443 347 2487 bonam,
357 2453 374 2479 et
387 2444 404 2479 in
418 2443 570 2479 ferventissimum
584 2442 670 2492 regularis
684 2441 786 2489 disciplinae
799 2454 864 2491 propo-

130 2506 194 2550 situm,
208 2514 292 2540 vocatum
309 2503 330 2540 ad
347 2516 365 2539 se
382 2502 485 2550 generalem
499 2501 566 2538 ordinis
584 2501 720 2537 reformatorem
735 2502 834 2544 constituit,
848 2510 865 2536 et

130 2564 180 2611 plura
194 2576 225 2612 per
241 2564 278 2599 eins
291 2562 395 2599 industriam
410 2561 495 2599 coenobia
513 2559 623 2597 reformavit.
637 2560 675 2596 Hac
688 2560 758 2597 ramlem
772 2561 865 2597 occasione

131 2623 227 2671 capitulum
237 2621 310 2659 armuale
317 2634 349 2669 pro
358 2621 491 2657 conservatione
501 2620 633 2657 reformationis
640 2619 721 2664 instituit,
729 2620 864 2668 praesidentiam

132 2682 153 2720 de
166 2691 228 2719 sancto
242 2682 308 2718 blachia
322 2681 339 2717 in
352 2680 468 2717 Barsfeldiam
482 2679 581 2724 transtulit,
592 2677 693 2716 confirmari
704 2680 768 2725 onmia,
779 2692 822 2728 quae
832 2690 864 2726 pro
