1968 3023
152 140 187 178 214
363 130 389 168 Dc
402 131 491 180 cognitione
502 130 566 179 gratiae
579 129 674 179 spiritualia.

122 203 125 211 ’
151 210 185 246 rito
199 208 286 254 debuerit,
296 219 322 246 est
336 223 417 247 summae
430 211 500 259 pietatis
510 211 527 246 iu
537 223 569 246 nos
583 213 619 247 cius
632 211 756 259 consideratio,
766 213 796 261 qui
809 223 836 250 tot
846 213 885 250 mil-

150 267 195 305 libus
213 268 309 307 hominum
326 282 357 318 per
375 269 436 306 orbem
454 270 509 306 latum
523 270 541 306 in
555 282 614 306 errore
632 269 720 316 dimissis,
735 283 768 309 nos
781 274 799 309 in
813 273 884 322 Europa

100 339 102 341 ·
150 341 191 365 curn
209 329 269 377 paucis
287 329 308 366 ad
322 328 432 366 Christianae
451 328 492 366 fidei
512 329 633 378 cognitionem
653 330 792 368 misericorditer
808 333 883 370 vocavit.

150 387 239 424 Omnium
254 386 382 425 beneficiorum
396 387 430 424 hoc
444 400 483 436 post
497 386 563 424 Christi
577 397 654 424 mortem
668 389 750 426 existimo
765 403 802 426 csse
816 391 883 439 pracci-
926 421 929 425 .

149 459 211 495 punm,
221 447 269 495 quod
283 460 316 484 nos
330 446 371 483 fecit
385 460 422 484 esse
435 446 496 484 infide
506 447 622 485 Christianos
635 448 681 484 Nam
695 458 744 484 extra
752 448 807 486 fidem
816 450 884 487 Christi

149 518 203 542 nemo
217 504 318 553 salvabitur,
328 506 364 542 sive
374 506 491 542 annuncietur
500 506 587 553 Christus,
597 507 634 543 sive
644 506 714 554 penitus
724 507 822 555 ignoretur.
832 509 883 553 Quot

149 563 203 601 hodic
216 573 258 601 sunt
272 566 289 601 in
303 565 350 608 Asia,
365 574 382 601 et
395 563 454 601 Africa
470 577 530 613 regna,
544 575 586 613 quot
599 572 666 614 gentes,
681 575 724 614 quot
738 567 806 604 insulae
819 568 883 614 matis,

148 623 212 673 quibus
226 623 274 660 nulla
284 623 305 660 de
315 623 388 661 Christo
401 624 479 673 cognitio
493 634 526 669 cst,
537 623 618 673 nullaque
628 623 677 671 fides,
687 624 744 663 sedin
754 639 814 664 errore
823 627 882 663 orariis

148 682 218 730 religio,
228 691 245 718 et
258 683 296 719 sine
308 682 372 718 merito
386 682 453 729 salutis,
463 683 516 719 etiam
526 684 541 719 si
554 684 584 731 qui
597 692 645 720 extra
656 684 813 721 Christianismum
827 698 883 722 unum

147 742 241 779 videantur
257 742 342 788 adorare,
357 751 374 778 et
390 741 449 779 colere
462 742 533 778 Deum?
550 742 632 779 Christus
647 744 695 780 enim
711 743 789 782 salvator
802 744 882 782 fidelium

148 810 174 838 est
188 802 298 848 animarum,
311 802 330 837 in
343 814 397 852 qttem
411 802 489 850 qttisquis
503 813 539 838 non
552 800 655 848 crediderit,
668 802 703 839 iam
713 802 800 841 iudicatus
814 814 851 841 est:
866 813 883 841 et

147 862 185 898 sine
199 860 254 897 dubio
274 859 427 898 condemnabitur.
446 859 497 896 Unde
512 873 601 909 nunquam
615 861 654 897 Deo
670 862 766 911 condignas
784 864 881 913 gratiarum

147 921 226 957 actiones
240 920 305 957 referre
318 920 424 968 poterimus
434 919 482 968 quod
495 932 527 956 nos
541 920 558 955 in
571 919 605 956 fide
620 921 705 958 catholica
718 922 746 970 (ut
759 923 783 959 ita
797 922 882 970 dixerim)

147 981 195 1018 nasci
210 981 311 1025 constituit,
325 990 342 1016 et
355 980 373 1016 in
382 980 468 1028 sanguine
477 980 567 1027 unigeniti,
574 979 606 1015 filii
615 980 642 1016 sui
651 979 672 1016 ab
682 981 755 1018 interitu
765 983 829 1019 mortis
838 982 881 1018 libe-

147 1041 197 1077 ravit
211 1040 271 1077 Simus
285 1053 327 1089 ergo
337 1040 389 1075 huius
403 1040 448 1075 tanti
462 1038 541 1076 beneficii
551 1053 645 1083 metatores,
655 1050 672 1077 et
685 1041 708 1077 itai
723 1054 805 1079 curemus
815 1043 880 1085 vivere,

146 1113 168 1136 ne
186 1099 286 1136 iudicemur
305 1099 326 1135 dc
346 1098 478 1147 ingratitudine.
492 1098 620 1135 Benedicamus
639 1100 699 1136 Deum
716 1110 786 1148 patrem
799 1102 817 1138 in
831 1102 881 1137 omni

146 1171 234 1208 tempore,
244 1161 275 1208 qui
285 1160 331 1196 dona
344 1159 416 1207 spiritus
429 1159 485 1195 sancti
498 1158 558 1195 effudit
571 1172 625 1207 super
637 1172 676 1203 nos,
686 1169 702 1196 et
715 1172 751 1197 non
766 1162 851 1208 permisit,
861 1171 881 1197 ut

145 1220 212 1256 remoti
220 1218 241 1255 ab
251 1219 319 1256 unitate
329 1218 426 1255 catholicae
440 1218 511 1255 unitatis
524 1231 644 1255 nascerentur.
658 1219 764 1270 Septimum,
775 1221 823 1270 quod
833 1234 880 1257 atuo-

145 1292 183 1315 rem
197 1280 232 1315 Dei
245 1279 344 1326 producere
357 1278 375 1313 iu
389 1277 471 1314 cordibus
484 1279 550 1315 nostris
563 1291 615 1326 posse
629 1278 713 1324 creditur,
728 1279 746 1316 in
760 1280 880 1327 promissione

145 1339 264 1387 sempiternae
274 1338 363 1375 felicitatis
377 1337 504 1374 consideratur.
518 1338 564 1374 Nam
574 1338 588 1374 si
598 1336 735 1381 consideremus,
750 1348 815 1387 quanta
828 1334 886 1376 nobis¹

145 1400 162 1435 in
177 1397 228 1434 coelo
241 1396 287 1433 bona
296 1410 315 1433 se
324 1396 407 1433 daturum
420 1396 528 1443 promiserit,
537 1409 587 1432 amor
601 1397 637 1433 eius
651 1397 715 1432 merito
729 1397 747 1433 in
760 1398 826 1434 nostris
840 1410 879 1435 cor-

145 1456 196 1494 dibus
205 1456 282 1493 dulciter
291 1455 364 1492 ardebit.
378 1455 400 1491 Se
409 1454 460 1491 nobis
473 1465 533 1491 totum
546 1456 628 1504 promisit
642 1457 659 1492 in
668 1456 777 1503 praemium;
791 1458 821 1506 qui
830 1457 879 1494 solus

145 1526 171 1554 est
184 1528 288 1562 summum,
302 1525 318 1551 et
331 1516 402 1563 penitus
415 1513 561 1551 incommutabile
578 1514 654 1551 bonum:
669 1515 699 1563 qrti
717 1528 758 1552 cum
775 1517 798 1552 sit
815 1516 879 1553 indivi-

91 1583 93 1587 '
144 1576 206 1621 sibilis,
221 1576 246 1611 ita
259 1588 278 1612 se
291 1573 388 1611 fruendum
401 1572 495 1622 praestabit
511 1573 599 1620 omnibus,
613 1583 633 1609 ut
645 1573 762 1611 nihilominus
776 1584 824 1611 totus
838 1588 878 1623 pos-

143 1637 220 1672 sideatur
230 1648 239 1671 a
249 1634 329 1682 singulis.
344 1634 412 1670 Omnes
422 1632 485 1680 diligit,
494 1645 504 1668 a
513 1632 576 1680 quibus
590 1633 678 1682 diligitur,
693 1643 710 1669 et
721 1633 801 1682 singulos
815 1634 879 1682 diligit,

143 1710 153 1732 a
166 1694 230 1744 quibus
243 1693 323 1731 habetur,
338 1687 411 1737 Quanto
425 1705 471 1728 minc
485 1693 543 1728 Deum
556 1692 632 1740 ranaplius
645 1705 688 1740 pura
702 1703 761 1730 niente
775 1693 877 1742 diligemus,

142 1766 193 1792 tanto
207 1754 232 1791 ibi
244 1754 284 1802 plns
298 1753 372 1802 praemii
385 1744 498 1799 recipiemus.

294 1884 321 1912 De
332 1882 422 1919 cognitione
430 1881 495 1918 gratiae
505 1881 599 1918 spiritualis.
629 1881 685 1911 Sermo
699 1882 726 1912 VI.

193 2005 240 2031 0ch
256 2006 288 2030 nos
304 1993 379 2029 Sanctus
395 1991 462 2029 Christi
475 1990 574 2039 Apostolus
588 1991 672 2037 loannes,
686 1993 734 2028 omrai
752 1994 822 2041 spiritui
839 2008 875 2031 non
922 2006 923 2009 ’

144 2002 189 2089 D
209 2065 280 2100 semper
292 2065 331 2088 esse
344 2050 462 2097 credendum,
476 2051 507 2087 sed
523 2051 649 2087 eatanainandos
667 2050 760 2099 diligenter
774 2055 875 2101 instinctus,

140 2124 201 2150 utrum
215 2112 251 2147 sint
264 2125 285 2147 cx
298 2111 344 2155 Deo,
356 2110 385 2158 qui
399 2109 459 2146 lumen
472 2121 499 2146 est
511 2122 611 2153 verumne
624 2109 667 2157 quid
680 2108 754 2147 forsitan
768 2122 828 2149 contra
842 2126 875 2150 nos

139 2174 220 2220 insurgat
230 2164 251 2207 ex
261 2180 310 2218 parte
317 2171 434 2206 tenebrarum.
445 2169 562 2206 Adversarius
571 2170 637 2206 etenim
645 2180 710 2214 noster,
719 2183 760 2207 cum
769 2173 792 2208 sit
801 2182 875 2220 astutus,
892 2191 893 2194 ¹

139 2243 231 2280 tamqnam
245 2228 336 2275 dormitat,
350 2228 380 2265 sed
394 2228 443 2265 mille
457 2227 530 2274 modos,
545 2227 609 2276 quibus
622 2241 655 2264 nos
671 2229 727 2276 capiat
741 2231 830 2275 tracturos,
845 2246 874 2268 ex-

140 2292 213 2339 cogitat.
227 2288 285 2324 Aliter
294 2298 353 2325 tamen
367 2289 402 2324 iam
416 2287 528 2336 proficientes
537 2287 644 2336 aggreditur,
654 2297 670 2323 et
680 2288 730 2324 aliter
740 2302 780 2326 cum
789 2290 823 2327 illis
832 2291 873 2340 agit,

140 2352 170 2400 qui
179 2348 237 2386 adhuc
246 2349 263 2384 in
273 2359 346 2395 torpore
359 2347 478 2395 negligentiae
491 2358 622 2384 conversantur.
636 2347 708 2391 Quanto
718 2348 736 2383 in
744 2349 777 2385 Dei
787 2350 874 2387 mandatis

139 2409 215 2458 amplius
225 2406 360 2456 profecerimus,
367 2415 417 2442 tanto
427 2408 483 2454 tatatgis
493 2416 518 2442 est
528 2406 653 2449 necessarium,
661 2415 680 2441 ut
690 2415 751 2443 contra
761 2408 873 2445 insidiantem

139 2468 190 2506 nobis
205 2466 296 2504 diabolum
310 2466 411 2515 vigilemus.
428 2466 510 2502 Daemon
524 2464 586 2514 fugere
598 2474 686 2502 tentantes
699 2465 800 2514 importune
814 2481 873 2516 perse-

139 2530 206 2578 quitur,
217 2537 234 2563 et
246 2526 263 2562 in
274 2539 311 2571 eos,
326 2526 356 2574 qui
370 2525 443 2574 cupiunt
456 2525 526 2573 placere
538 2525 577 2562 Deo
591 2536 657 2567 amore,
671 2524 736 2561 invidia
750 2525 872 2564 debacchatur,

138 2588 217 2626 Latitans
227 2585 326 2622 inocculto
339 2584 371 2621 sub
384 2585 443 2633 specie
455 2584 497 2622 boni
510 2586 609 2622 nescientes
624 2585 715 2622 consuevit
728 2586 818 2634 invadere,
828 2601 873 2637 quos

137 2648 189 2687 novit
198 2659 216 2683 se
226 2655 287 2695 aperta
300 2646 427 2694 congressione
440 2658 476 2683 uon
489 2659 542 2695 posse
556 2658 644 2696 superare,
658 2646 714 2683 Multa
728 2650 820 2688 consuevit
831 2662 872 2698 pro-
