1968 3023
401 164 477 202 Horailia
491 165 519 201 Χῖ
526 194 530 202 .
800 179 834 214 109

97 248 231 296 restringamus,
244 247 346 285 Ieiunemus
363 243 384 283 ab
402 245 451 282 omni
469 254 551 294 peccato,
566 244 634 282 nullum
649 258 739 283 sumamus
756 246 834 284 malitiae

98 307 163 355 cibum,
176 307 234 344 nullas
248 307 308 356 epulas
321 305 417 354 voluptatis
431 304 551 351 devoremas3
566 318 598 342 nec
611 305 653 342 vino
666 305 746 342 luxuriae
758 306 833 343 inebrie-

97 379 145 414 mur;
159 368 260 405 ieiunemus
273 381 283 404 a
296 365 411 416 pravitatibus
423 365 501 411 cunctis,
516 363 635 402 abstineamus
649 378 658 402 a
672 365 722 402 malis
736 365 832 415 operibus:

96 425 148 465 verba
162 427 242 473 inutilia,
256 439 309 473 vana,
323 426 393 472 ociosa,
406 425 487 461 scurrilia
501 433 519 461 et
532 424 633 472 perniciosa
646 437 682 460 non
695 423 800 473 loquamur:
817 436 833 462 et

97 501 106 524 a
121 487 189 524 nocivis
204 487 329 536 perversisque
345 484 494 534 cogitationibus,
511 498 556 533 quae
573 494 655 532 separant
671 497 680 520 a
695 485 744 530 Deo,
762 498 834 533 semper

97 559 196 584 caveamus.
210 546 230 584 ln
244 545 354 584 orationibus
368 546 401 582 Dei
414 557 485 593 semper
499 543 632 581 studiosissime
646 543 746 591 vigilemus,
756 544 833 580 scientes

97 606 147 643 illum
160 605 212 643 nobis
226 604 292 655 ubique
301 605 472 653 praesentissimum,
483 616 537 653 quem
547 602 629 652 precibus
639 605 748 641 invocamus.
758 603 833 652 Semper

97 667 114 702 in
128 678 159 702 ore
173 675 235 702 nostro
249 666 272 702 sit
285 665 322 701 laus
336 665 384 710 eius,
398 673 424 710 et,
439 676 479 700 cum
493 663 565 700 laudare
580 664 730 713 magnificentiam
745 664 782 700 eius
797 676 832 700 ser-

96 737 149 762 mone
162 737 199 761 non
213 736 316 772 possumus,
326 723 391 760 amoris
405 723 499 760 castissimi
513 722 605 771 desideriis
620 724 678 772 ipsum
691 723 709 759 in
723 722 776 760 corde
790 722 832 760 ado-

95 797 160 822 remus
174 784 227 820 Tunc
241 783 289 819 enim
303 788 352 831 grata
369 792 409 819 sunt
422 782 447 818 illi
460 791 521 820 nostra
535 782 612 828 ieiunia,
627 795 667 819 cum
685 783 749 819 sanctis
765 781 832 819 fuerint

96 842 189 893 operibus,
203 852 220 879 et
237 842 327 879 continuis
345 840 453 878 orationibus
470 840 562 878 adornata.
577 840 641 879 Oratio
655 843 702 879 enim
716 843 766 888 iusti,
780 854 831 878 sacra

95 912 172 940 testante
182 902 280 950 Scriptura,
291 908 370 950 penetrat
380 899 446 937 caelos:
456 912 501 949 quae
514 908 564 936 tauto
578 899 597 936 fit
611 899 704 947 efficacior,
714 911 781 949 quanto
791 901 830 937 cha-

95 963 151 1009 ritate,
165 974 185 998 ac
199 961 266 997 ieiunio
279 959 361 997 decorata
369 959 463 996 invenitur.
478 959 575 1008 iungamus
589 960 605 995 ei
619 960 717 997 velutialas
726 959 775 997 binas
785 961 830 997 ieiu-

95 1023 151 1068 nium,
161 1030 178 1058 et
188 1020 299 1066 charitatem,
309 1028 325 1056 et
335 1017 435 1067 impetrabit
447 1017 498 1055 nobis
508 1031 517 1054 a
526 1019 608 1056 Domino
622 1018 705 1068 quicquid
719 1018 740 1056 ad
754 1019 829 1055 salutem

96 1079 207 1119 conducibile
221 1079 332 1128 petierimus.

207 1209 234 1237 De
244 1207 379 1244 quadragesimali
387 1207 445 1248 ieirrnz'o
456 1207 574 1237 artortaclrorrtm.
587 1207 658 1237 Homilia
669 1208 717 1238 XVI.

145 1329 181 1361 uin,
196 1317 283 1367 largiente
296 1317 376 1354 Domino
389 1327 450 1354 nostro
464 1317 503 1353 lesu
518 1317 585 1363 Cristo,
596 1315 659 1363 fratres
673 1317 778 1363 charissimi,
788 1330 830 1366 qua-

153 1376 272 1426 dragesimale
285 1376 371 1413 ieiunium
384 1376 515 1422 inchoavimus,
531 1377 576 1413 ratio
591 1376 697 1425 expostulat,
712 1385 731 1413 ut
745 1376 766 1414 de
782 1376 830 1414 illius

94 1437 218 1474 observatione
231 1436 297 1485 aliquid
310 1434 386 1473 breviter
399 1436 484 1473 dicamus.
499 1437 587 1479 Quamvis
602 1436 649 1472 eninr
663 1436 712 1484 plura
726 1445 828 1473 sanctorum

92 1507 162 1546 patrum
181 1497 246 1546 scripta
259 1495 281 1533 de
298 1497 331 1533 hac
344 1507 455 1533 sacrosancta
473 1497 601 1534 exercitatione
618 1497 726 1534 ieiuniorum
743 1496 828 1543 habeatis,

94 1558 134 1606 quia
148 1565 208 1593 tamen
222 1556 305 1604 experior
317 1556 336 1592 in
348 1554 398 1593 vobis
412 1569 504 1593 sermones
518 1569 569 1593 meos
584 1570 620 1593 non
634 1557 714 1604 paenitus
730 1556 829 1594 infructuo-

95 1630 129 1659 sos,
139 1614 214 1652 libenter
227 1615 346 1653 aedificationi
355 1626 423 1653 vestrae
437 1617 538 1665 impartior,
548 1616 596 1665 quod
610 1616 683 1665 largitus
697 1626 723 1653 est
733 1617 828 1659 Dominus.

93 1673 149 1711 Habet
163 1685 247 1722 namque,
262 1673 315 1711 beato
328 1683 403 1711 testante
415 1675 536 1723 Hieronymo,
550 1675 602 1711 vivae
617 1675 666 1711 vocis
680 1684 728 1711 actus
742 1675 827 1713 latentem

94 1733 182 1783 quandam
195 1734 244 1771 intus
258 1735 384 1782 operationem,
397 1748 449 1784 quam
461 1736 531 1773 Graeco
545 1748 628 1772 sermone
642 1736 721 1772 ornatius
736 1736 827 1785 energiam

93 1795 208 1843 nuncupavit,
226 1803 243 1830 et
257 1795 314 1832 oratio
332 1796 451 1843 praeceptoris
465 1807 496 1832 ore
512 1794 582 1843 prolata
600 1793 665 1832 fortior
678 1805 704 1831 est
718 1794 739 1831 ad
757 1808 828 1844 persua-

93 1852 178 1890 dendum.
191 1852 230 1902 Ego
244 1863 304 1890 autem
317 1852 356 1890 solo
369 1854 442 1890 nomine
455 1854 532 1901 pastoris
546 1854 564 1890 in
579 1853 639 1890 medio
653 1855 707 1891 vestri
724 1864 827 1903 segregatus

93 1911 180 1950 confiteor
193 1925 226 1949 me
236 1913 320 1949 iuvenem
329 1912 428 1958 indoctum,
442 1923 459 1949 et
470 1913 570 1949 necessaria
584 1925 617 1961 pro
631 1913 717 1962 regimine
727 1914 827 1950 arximarum

93 1972 201 2020 experientia
214 1971 275 2017 simul,
289 1984 308 2009 ac
321 1972 426 2009 discretione
440 1981 536 2016 carentem,
548 1986 584 2021 quo
598 1972 623 2018 iit,
637 1983 656 2009 ut
670 1973 731 2021 loquat
745 1986 786 2009 cum
800 1986 828 2010 ru-

92 2030 134 2068 bore
147 2031 232 2080 quodam,
247 2042 265 2068 et
278 2031 389 2075 verecundia,
403 2033 472 2069 iuvenis
486 2033 533 2069 inter
546 2045 604 2079 senes,
618 2033 689 2082 ignarus
703 2034 749 2070 inter
758 2033 827 2077 doctos,

93 2089 194 2138 discipulus
203 2091 249 2128 inter
263 2091 364 2140 magistros.
381 2091 432 2128 Unde
445 2104 514 2139 precor,
529 2105 583 2129 nemo
597 2102 675 2129 vestrum
694 2092 827 2140 simplicitatem

93 2151 180 2187 sermonis
194 2152 229 2187 mei
244 2159 354 2197 contemnat,
364 2151 534 2200 nemoloquentenr
549 2165 578 2188 me
591 2152 669 2200 graviter
681 2152 730 2196 ferat,
740 2153 826 2201 qnoniam

93 2219 110 2245 et
124 2210 138 2246 si
151 2209 173 2246 ad
187 2210 283 2247 dicendum
292 2223 329 2247 non
339 2223 378 2247 sum
387 2211 467 2255 idoneus,
477 2221 537 2248 tamen
548 2213 618 2248 ratione
628 2213 719 2249 commissi
733 2211 826 2259 pastoralis

93 2281 144 2304 curae
157 2268 212 2305 officii
226 2268 248 2305 ad
261 2269 371 2306 mouendum
384 2282 416 2307 vos
430 2283 491 2307 coram
500 2272 541 2307 Deo
555 2284 584 2307 me
597 2270 653 2307 fateor
666 2270 769 2319 obligatum.
779 2270 826 2307 Cha-

93 2327 134 2363 ritas
148 2327 192 2364 mihi
207 2337 265 2364 vestra
279 2328 364 2377 loquendi
374 2327 443 2377 praebet
457 2329 556 2374 audaciam,
572 2339 589 2366 et
602 2340 669 2378 quanto
682 2343 715 2367 vos
727 2331 826 2378 promptio-

92 2397 119 2422 res
132 2386 153 2422 ad
167 2385 276 2423 audiendum
290 2387 389 2435 ostenditis,
402 2398 451 2424 tanto
464 2401 493 2425 me
507 2388 590 2437 amptius,
604 2399 623 2426 ut
636 2389 704 2437 loquar,
718 2389 825 2438 provocatis.

91 2445 128 2482 Nec
137 2445 169 2481 erit
179 2444 229 2482 labor
238 2446 282 2483 mihi
292 2448 357 2496 gravis,
367 2447 498 2496 quantumlibet
507 2461 583 2498 magnus
592 2448 679 2494 videatur,
690 2462 724 2497 quo
734 2449 780 2485 salus
790 2441 826 2485 ani·

92 2516 161 2541 ntarum
175 2513 277 2541 vestrarum
286 2506 382 2554 perficitur.
392 2506 429 2543 Vos
441 2520 469 2544 me
483 2507 595 2544 orationibus
609 2508 696 2553 adiuvate,
707 2519 726 2545 ut
734 2509 825 2546 Dominus

91 2564 140 2600 Iesus
153 2564 171 2600 in
185 2576 216 2600 ore
227 2577 269 2601 meo
278 2564 367 2614 loquatur,
378 2565 497 2615 concedatque
511 2565 577 2615 pusillo
586 2568 632 2603 vires
642 2567 713 2616 ingenio
723 2566 825 2616 proferendi

91 2623 113 2659 ad
126 2622 211 2666 medium,
224 2623 311 2672 quidquid
325 2625 343 2661 in
356 2623 406 2661 vobis
421 2625 520 2673 producere
534 2634 594 2674 potest
609 2627 665 2663 sancti
679 2626 753 2664 fervoris
769 2628 825 2665 incre-

92 2691 179 2720 mentum.
193 2682 244 2726 Nam,
259 2692 347 2732 quantum
360 2685 420 2732 cupio,
433 2685 518 2733 prodesse
536 2685 618 2722 charitati
631 2695 699 2724 vestrae
713 2687 825 2725 sermonibus

853 788 903 815 Eccles.
914 795 933 821 35.
