1968 3023
381 118 439 153 Sorano
455 115 483 152 VJ.
579 152 581 158 ,
764 125 798 162 217

64 197 123 234 omnis
141 196 225 244 peccandi
243 210 285 234 mon
303 196 374 234 allectio
388 195 461 232 recedit.
479 194 533 239 Quod
547 195 561 230 si
575 193 660 244 peccandi
674 193 737 230 horror
750 206 799 230 nten-

64 266 99 293 tem
114 268 151 293 non
164 256 254 303 invaserit,
267 256 348 306 prolecto
362 254 477 293 manifestum
491 259 523 300 est,
537 254 585 303 qaod
599 254 691 290 hominem
706 253 799 290 instinctus

64 314 129 353 diaboli
143 317 241 364 occupavit.
256 316 299 352 Mox
313 316 366 359 eninr,
381 324 400 350 ut
413 314 486 363 spiritns
500 323 572 350 sanctus
585 323 665 350 mentem
678 312 757 349 hominis
770 325 800 361 pe-

63 368 166 417 netraverit,
175 387 229 416 omne
238 375 324 412 vitiorum
334 373 443 420 incendium,
453 382 483 409 aut
493 373 570 422 mitigat,
580 381 610 409 aut
623 372 694 421 penitus
704 372 797 419 extinguit.

62 433 109 470 Hinc
122 433 239 481 semetipsum
256 433 378 483 utiusquisque
394 442 475 469 vestrum
493 430 587 479 diiigenter
605 430 705 476 examinet,
719 438 735 466 et
749 430 798 466 citius

63 500 157 528 moveatur
170 491 261 537 instinctu,
275 500 343 539 penset.
357 491 391 528 Dei
405 503 475 539 nanque
489 489 584 526 instinctus
597 498 692 538 peccatum
707 489 799 524 consuevit

62 552 149 597 minuere,
158 552 188 588 sed
202 553 270 601 antiqui
283 553 340 590 bostis
350 565 419 601 augere.
433 550 491 595 Unde,
501 552 532 601 qui
546 561 623 600 aguntur
636 550 700 599 spiritu
709 549 749 595 Dei,
759 561 798 597 pec-

62 620 120 647 catum
130 611 182 647 ineis
192 612 272 660 quotidie
284 612 382 649 minuitur:
396 612 425 660 qui
438 623 482 648 vero
495 611 601 647 instinctum
616 619 714 659 sequuntur
727 607 798 654 diaboli,

62 681 102 707 raro
115 670 203 706 veraciter
217 669 339 707 emendantur.
353 669 456 707 Secundum
470 670 564 707 instinctus
578 669 633 706 divini
647 668 754 716 signamen
768 679 798 703 au-

61 737 149 777 gumento
162 729 250 765 virtutum
264 717 386 778 cognoscitur,
400 729 485 778 quoniam
499 729 556 765 sancti
569 728 643 777 spiritns
657 728 714 777 gratia
727 739 798 776 semper

61 789 79 824 in
93 788 167 824 homine
185 800 257 837 magnas
271 789 344 825 virtutes
361 798 450 837 operatur.
468 788 514 824 Cum
528 800 571 836 ergo
585 798 603 824 te
617 788 671 824 sentis
685 786 765 835 quotidie
779 787 797 823 in

62 847 95 884 Dei
109 859 174 889 amore.
189 860 208 884 ac
223 847 273 885 bonis
291 846 374 896 operibus
390 847 477 896 proficere
483 861 488 892 ;
503 846 574 896 quando
592 846 676 895 experiris
690 847 708 883 in
724 855 743 891 te
756 858 796 894 pec-

61 906 112 943 candi
126 896 280 952 consuetudinem,
294 917 310 943 et
323 907 367 943 vitia
381 906 468 955 quaelibet
481 905 502 942 de
517 905 544 942 die
557 907 576 943 in
589 906 637 942 diem
650 906 710 942 minus
723 917 796 954 praeva-

61 965 103 1009 lere,
117 965 150 1002 Dei
166 965 227 1003 adesse
239 967 315 1014 gratiam
328 966 422 1002 hutniliter
436 965 489 1003 debes
502 979 606 1015 agnoscere.
620 970 678 1002 Artior
695 967 743 1003 enim
756 965 796 1011 Dei,

61 1037 114 1073 quent
128 1024 179 1062 affert
191 1026 253 1073 gratia-
262 1038 352 1075 uultquarn
366 1037 392 1063 est
406 1026 486 1071 ociosus,
496 1025 526 1062 sed
536 1019 615 1062 inbonis
628 1037 699 1073 semper
713 1024 796 1073 operibus

61 1086 128 1122 utiliter
142 1092 249 1133 occupatus,
264 1086 348 1134 quoniam
358 1096 375 1122 et
384 1085 519 1123 multitudinem
533 1080 648 1133 peccatorum
661 1086 725 1134 operit,
735 1095 751 1122 et
761 1086 796 1123 vir-

61 1144 128 1182 tutibus
146 1145 244 1181 exercitans
262 1145 342 1181 animum
359 1144 433 1194 peccare
447 1158 483 1182 nou
496 1146 591 1194 permittit.
609 1145 670 1182 Gratia
684 1146 749 1194 quippe
762 1145 796 1182 Dei

60 1214 107 1242 state
122 1218 162 1241 cum
175 1206 252 1253 peccatis
265 1218 301 1242 non
314 1207 387 1255 poterit,
401 1216 417 1243 et
431 1219 469 1243 esse
483 1207 501 1243 in
514 1206 588 1243 homine
602 1207 640 1243 sine
653 1206 740 1242 virtutum
754 1219 795 1254 ope-

60 1266 128 1302 ratione
146 1266 220 1302 minirne
237 1266 336 1302 consuevit.
354 1265 439 1303 Tertium
457 1266 530 1315 spiritus
546 1266 580 1303 Dei
598 1266 669 1315 signum
687 1266 705 1302 in
722 1265 795 1302 bomine

61 1325 166 1372 ostenditur,
176 1325 246 1374 quando
259 1338 309 1362 mens
323 1326 341 1361 in
354 1326 452 1362 sanctitatis
466 1326 561 1374 proposito
575 1338 612 1363 non
626 1324 706 1372 fluctuat,
716 1324 746 1361 sed
760 1323 795 1362 sor-

60 1385 96 1420 tius
110 1384 131 1420 de
145 1384 173 1421 die
186 1386 204 1420 in
218 1385 265 1421 diem
280 1385 404 1421 convalescens
418 1385 518 1423 roboratur.
532 1386 579 1422 Nam
593 1385 646 1422 multi
659 1394 706 1432 sunt,
720 1385 750 1434 qui
763 1384 795 1421 lto-

60 1444 105 1480 raria
119 1443 257 1492 compunctione
271 1445 319 1490 tacti,
334 1446 390 1492 prima
405 1441 443 1481 duo
453 1445 504 1492 signa
518 1444 625 1494 quandoque
642 1445 752 1492 suscipiunt,
765 1444 796 1481 sed

59 1503 210 1550 perseverantiam
224 1512 368 1548 contemnentes,
383 1501 404 1539 ad
417 1503 490 1540 tertium
503 1516 540 1540 non
553 1505 662 1552 pertingunt.
681 1503 722 1540 Sine
736 1512 796 1539 autem

59 1562 192 1610 perseverantia
211 1562 281 1599 nullum
295 1572 321 1598 est
334 1560 376 1599 boni
395 1563 454 1610 operis
469 1563 580 1610 praemium,
594 1564 674 1600 Domino
694 1562 795 1600 dicentem

60 1631 121 1657 sancto
134 1620 240 1669 Evangelio:
255 1620 292 1664 Qui
310 1623 449 1669 perseveraverit
463 1634 519 1670 usque
532 1622 550 1657 in
563 1621 624 1668 finem,
638 1622 667 1659 laic
681 1623 740 1659 salvus
754 1623 794 1659 erit.

59 1680 114 1717 Novit
124 1692 143 1715 se
152 1679 233 1716 diabolus
246 1681 267 1717 ad
281 1679 335 1717 breve
348 1689 419 1729 tempus
433 1681 524 1718 absentem
537 1680 610 1730 fingere,
620 1691 637 1718 et
650 1681 794 1729 progredientem

59 1741 107 1776 iuxta
121 1739 156 1776 duo
166 1742 274 1789 praescripta
288 1741 360 1789 spiritus
369 1741 403 1777 Dei
416 1743 472 1790 signa,
482 1742 532 1789 quasi
546 1742 612 1779 nesciat
626 1755 673 1787 euni,
682 1742 710 1779 vel
724 1742 793 1788 timeat,

60 1798 177 1836 dissimulate.
191 1799 235 1835 Mox
248 1799 311 1836 deinde
324 1812 441 1848 prorumpens
457 1813 479 1836 ex
495 1799 570 1847 insidiis,
583 1800 689 1837 devotistam
704 1802 795 1837 incautum

59 1860 166 1909 aggreditur,
180 1869 197 1895 et
211 1860 228 1896 in
242 1861 335 1909 pristinam
352 1860 472 1908 negligentiae
485 1860 556 1898 foveam
574 1861 692 1910 praecipitans
707 1862 794 1898 misertim

59 1920 130 1968 gravius
148 1918 235 1956 vulnerat.
253 1919 421 1956 Oconsuetudines
439 1919 505 1966 malae,
519 1917 572 1969 quain
586 1932 639 1969 grave
653 1920 727 1969 iugum,
741 1933 794 1969 quam

59 1979 146 2028 iniquum,
156 1990 173 2015 et
186 1979 295 2016 ltorremlum
308 1979 414 2025 dominium,
424 1981 445 2016 etv
454 1991 495 2015 raro
509 1988 549 2015 ante
562 1987 641 2015 mortem
655 1979 793 2017 terminandum.

59 2038 137 2082 Timent,
148 2049 165 2075 et
178 2039 255 2085 horreat,
269 2052 392 2088 quemcunque
405 2038 458 2088 longa
473 2038 584 2076 consuetudo
598 2040 666 2087 peccati
680 2038 729 2088 ligat.
743 2039 793 2076 Nihil

59 2099 106 2135 enim
120 2097 220 2144 difficilius,
234 2111 287 2148 quam
301 2109 382 2147 tempore
395 2099 450 2147 longo
468 2097 570 2136 roboratam
588 2098 681 2136 devincere
700 2109 794 2136 consuetu-

59 2159 119 2197 dinem
131 2159 203 2196 1111111111λ
216 2159 263 2196 Hinc
272 2159 357 2197 Salomon
371 2160 413 2196 dicit
422 2160 439 2197 in
449 2157 554 2208 proverbiis.
570 2158 680 2196 Adolescens
689 2159 736 2196 iuxta
746 2159 793 2196 viam

59 2231 116 2265 snam,
130 2218 183 2255 etiarn
198 2231 238 2255 cunt
252 2220 336 2265 senuerit,
348 2232 385 2257 non
399 2219 467 2256 recedet
481 2217 501 2254 ab
516 2231 542 2254 ea.
555 2218 678 2255 Veruntamen
691 2220 706 2255 si
720 2231 794 2256 consue-

58 2278 139 2315 tudinem
157 2278 223 2314 malam
236 2291 272 2315 non
286 2279 373 2316 violenter
386 2279 485 2324 vincimen,
499 2290 570 2325 seraper
588 2277 689 2321 duriorem,
703 2289 720 2313 et
734 2277 793 2314 ntinus

58 2337 161 2375 vincibilem
174 2337 277 2374 sentiemus.
291 2338 379 2381 Quartum
393 2337 503 2385 praesentiae
516 2336 590 2385 spiritus
602 2337 636 2373 Dei
649 2338 721 2385 signum
734 2349 793 2385 persc-

60 2398 139 2434 vernntia
152 2397 194 2434 boni
208 2408 256 2434 recte
269 2398 387 2446 subiungitur,
397 2396 565 2446 quoniamaffcctu
578 2407 659 2445 purgato,
669 2410 719 2433 arens
732 2398 750 2433 in
764 2411 794 2434 co—

60 2458 161 2507 gnitionem
175 2456 230 2493 divini
243 2458 315 2494 laminis
325 2458 438 2507 pergratiam
452 2456 555 2493 illustratur.
569 2458 618 2493 Haec
631 2458 678 2493 enim
692 2467 718 2493 est
732 2459 793 2494 ttttctio

58 2516 114 2554 sancti
128 2516 211 2564 spiritus,
226 2530 278 2566 quam
291 2530 345 2554 nemo
359 2516 451 2564 intelligit,
465 2516 498 2552 nisi
512 2516 542 2565 qui
555 2516 631 2565 accipit:
645 2516 688 2553 baec
701 2517 794 2566 plenitudo

58 2578 141 2617 coelestis
159 2577 261 2622 doctrinae,
276 2591 320 2627 quae
334 2578 376 2615 vitia
394 2578 457 2624 simul,
470 2585 487 2612 et
501 2588 570 2613 errores
584 2590 593 2613 a
607 2575 696 2613 urentibus
710 2577 793 2616 excludit.

59 2643 127 2680 Omnis
140 2640 250 2677 Christianae
264 2640 354 2693 religionis
369 2650 427 2677 castus
440 2648 517 2686 arnator,
531 2640 561 2689 qni
578 2640 613 2676 boc
626 2640 697 2688 signum
712 2638 793 2676 coelestis

815 1646 852 1672 llatt.
862 1653 882 1679 tq.

839 1948 900 1973 Consue-

814 1982 845 2008 tudo
861 1982 901 2008 111111

813 2024 852 2050 qnam
861 2026 901 2051 grave

814 2052 868 2078 tnalum.

813 2187 853 2213 Prot.
862 2195 883 2214 22.
