1968 3023
431 194 508 232 Humilia
525 194 572 232 XXI.
840 202 871 238 153

135 265 205 314 nostrae
218 276 344 322 adversarium,
354 277 383 325 qui
397 288 487 325 mrnqnanr
503 275 554 312 citius
564 276 648 319 vincitur,
660 287 711 323 quarn
726 274 740 310 si
754 287 796 311 mox
806 286 815 310 a
825 273 872 321 prin-

135 338 180 385 cipio
195 331 296 374 suffocetur.
311 337 400 373 Continua
414 336 541 373 exercitatione
555 348 601 384 opus
615 344 641 371 est
655 334 723 379 fratres,
737 334 777 382 qnia
791 347 841 370 mens
855 332 872 368 in

135 398 200 433 sanctis
213 396 275 433 studiis
289 409 358 445 semper
372 405 458 444 occupata
476 406 501 432 est
515 394 565 444 quasi
579 395 632 430 turris
651 393 737 430 altissima
755 391 871 437 fortitudinis,

135 457 152 494 in
166 471 199 506 qua
213 459 320 494 constitutus
334 456 384 493 miles
399 457 438 494 lesu
452 456 519 493 Christi
534 454 690 503 vigilantissimus,
701 453 757 490 nullas
769 453 833 489 metuit
846 452 872 487 in-

135 516 187 553 sidias
201 517 309 554 hostilitatis.
324 515 404 554 Obsecro
419 529 451 552 vos
466 516 529 565 igitur,
545 513 607 551 fratres
625 514 660 550 mei
675 513 783 558 charissimi,
797 525 819 548 nc
834 512 871 548 otio

134 587 204 626 tempus
221 577 335 622 conmutatis
348 590 370 613 ne
383 577 477 628 materiam
492 577 510 612 in
524 573 575 611 vohis
589 575 674 611 viciornrn
688 573 778 616 auxeritis,
792 574 822 622 qni
836 585 872 616 rna·

134 635 176 684 ligni
190 636 261 684 spiritus
276 636 347 672 astutias
361 649 396 672 non
411 635 502 684 ignoraris.
517 634 651 671 Continentiam
665 642 734 669 servate
749 632 766 667 in
780 631 872 677 omnihus,

135 704 151 730 et
165 695 276 731 directricem
286 696 371 731 virtutum
381 694 517 743 temperantiam
527 692 609 729 adhibete
623 692 690 728 cantetis
705 690 788 739 operibus
802 691 871 727 vestris.

134 754 208 802 Semper
222 755 308 802 cogitate,
323 754 473 802 quemadmodum
492 763 574 801 oporteat
592 766 624 789 vos
641 754 658 789 in
677 753 726 789 omni
745 751 840 800 religione,
855 761 871 787 et

134 815 227 850 sanctitate
241 814 330 851 ambulare
344 827 403 851 coram
417 815 497 851 Domino
507 815 552 857 Deo,
563 815 579 849 in
591 815 640 850 cuius
655 812 708 850 verha
722 813 802 859 iurastis,
816 812 871 850 etsie

134 872 194 916 vivite,
209 883 227 908 ut
241 885 343 920 comparere
356 874 373 909 in
388 874 425 910 eins
439 872 505 909 iudicio
519 885 555 909 non
567 872 651 909 timeatis.
666 873 749 909 Monachi
760 872 801 908 estis
811 873 828 908 in
838 871 871 907 rni-

134 933 225 969 nisterium
240 933 313 970 Domini
327 934 382 970 nostri
397 933 436 969 lesu
450 932 517 968 Christi
531 931 630 968 voluntaria
648 932 768 979 promissione
783 931 870 979 segregati

134 989 155 1027 de
170 989 243 1037 rnurrdo,
253 990 298 1027 unde
311 1001 382 1038 oportet
395 990 428 1027 sub
442 992 547 1028 necessitate
560 990 621 1027 salutis
636 982 725 1035 altiorem,
735 1001 751 1026 et
763 990 869 1026 sanctiorem

134 1063 165 1086 vos
179 1051 252 1087 caeteris
266 1051 399 1087 conchristianis
414 1050 478 1087 ducere
492 1052 557 1096 vitam,
572 1061 589 1086 et
603 1062 675 1087 omnem
690 1050 757 1094 carnis,
772 1058 788 1085 et
802 1051 871 1085 animae

134 1109 226 1146 devincere
235 1111 345 1157 pravitatem.
359 1110 437 1157 Oportet
447 1110 495 1146 enim
504 1122 536 1146 vos
546 1119 606 1145 mente
617 1108 703 1154 simulet
717 1121 792 1156 corpore
802 1121 871 1157 semper

134 1181 172 1205 esse
185 1169 301 1212 castissimos,
316 1179 333 1205 et
346 1169 394 1205 ranila
408 1168 527 1220 corruptibilis
542 1168 697 1216 carnisspurcitia
714 1167 818 1205 maculatos.
832 1168 871 1204 hlo-

134 1227 200 1264 nachns
214 1228 324 1265 incontinens
338 1238 417 1275 apostata
431 1238 466 1265 est:
481 1238 497 1264 et
511 1228 541 1277 qui
555 1240 625 1264 carnem
639 1240 689 1263 suani
705 1227 808 1276 coinquinat
823 1241 871 1275 spur·

134 1285 174 1322 citia
187 1286 290 1332 mulierum,
304 1286 367 1323 similis
381 1297 408 1323 est
421 1286 496 1323 violanti
510 1288 637 1323 iuramentum.
651 1287 707 1334 Lacus
720 1285 783 1323 inferni
796 1286 874 1333 luxuria,

134 1355 150 1381 et
164 1345 263 1395 desperatio
276 1359 347 1394 semper
361 1346 499 1382 incontinentiae
514 1354 539 1382 est
553 1347 639 1394 proxima.
654 1346 760 1391 Monachus,
774 1346 803 1394 qui
816 1345 871 1382 semel

133 1405 151 1440 in
164 1404 233 1442 foveam
248 1406 307 1442 carnis'
318 1404 387 1451 labitur,
397 1417 436 1442 raro
451 1404 472 1441 ad
486 1418 547 1442 veram
557 1405 714 1454 compunctionem
730 1404 788 1441 cordis
802 1405 870 1442 inflam-

133 1475 196 1500 matur.
210 1464 256 1500 Nam
266 1463 389 1501 fornicationis
399 1464 463 1500 vitium
476 1463 605 1501 consuetudine
617 1464 699 1501 diuturna
710 1464 840 1509 convalescens,
850 1463 871 1500 de

133 1522 179 1559 facili
192 1536 228 1560 non
241 1524 328 1569 vincitur,
341 1524 375 1559 nisi
389 1523 482 1560 contrariis
496 1524 580 1560 remediis
594 1536 625 1572 per
639 1523 744 1560 violentiam
762 1523 871 1561 emendetur.

133 1582 206 1619 Maioris
219 1581 325 1619 difficultatis
339 1591 366 1618 est
378 1591 420 1630 post
434 1582 504 1630 lapsum
519 1584 575 1619 carnis
589 1583 610 1620 ad
624 1595 685 1619 veram
699 1584 798 1619 castitatem
812 1595 869 1620 resur·

131 1653 177 1689 gere,
191 1653 243 1690 quam
258 1641 275 1677 in
288 1640 347 1677 hahita
360 1642 470 1677 continentia
484 1654 593 1691 permanere.
607 1632 683 1679 Facilius
698 1653 724 1679 est
738 1655 747 1679 a
761 1651 807 1679 statu
819 1643 870 1679 recti-

133 1699 198 1737 tudinis
212 1700 229 1736 in
243 1699 333 1748 quodlibet
347 1701 411 1737 vitium
425 1700 493 1747 cadere,
503 1714 555 1750 quarn
571 1700 674 1739 roboratum
689 1702 817 1739 consuetudine
830 1714 870 1750 pec-

133 1770 191 1797 catum
205 1761 304 1798 emendare.
317 1761 369 1804 Nam,
379 1772 398 1797 111
409 1762 497 1798 veraciter
511 1761 583 1811 quidam
598 1764 621 1798 ait
635 1763 713 1810 gentilis,

217 1833 218 1836 ’
244 1853 269 1859 ...
279 1837 293 1860 .,·
301 1853 512 1861 ...................
524 1831 574 1861 Facilis
586 1831 664 1861 descensus
676 1832 739 1861 Aventia

244 1880 271 1909 Sed
282 1890 349 1910 revocare
360 1881 420 1919 gradum
431 1890 519 1920 superasque
533 1881 593 1910 evadere
603 1881 621 1910 ad
632 1890 679 1915 auras,

244 1930 276 1959 Hoc
287 1939 330 1969 opus,
341 1930 364 1958 hic
374 1929 415 1959 labor
425 1935 451 1958 est.

133 1999 269 2044 Consideremus
280 1999 326 2044 illos,
335 2000 364 2047 qui
377 1998 447 2035 foveam
458 1999 504 2036 hanc
514 2001 636 2046 turpissimam
650 2001 762 2043 inciderunt,
777 2010 794 2036 et
807 2009 869 2049 postea

132 2059 220 2095 rnaiorum
236 2059 339 2095 auctoritate
350 2058 371 2095 ad
380 2058 510 2106 poenitentiam
524 2059 614 2108 compulsi
627 2069 675 2105 sunt,
683 2059 835 2107 quemadmodum
851 2060 869 2095 in

132 2118 192 2155 medio
202 2116 276 2154 fratrum
287 2128 418 2154 conversantur.
428 2118 486 2154 Verae
497 2119 642 2165 compunctionis
651 2131 689 2154 non-
697 2118 761 2155 habent
770 2120 826 2167 signa,
837 2119 868 2156 sed

132 2177 150 2213 in
159 2176 239 2213 ariditate
253 2176 310 2212 cordis
320 2175 374 2211 vitam
384 2184 438 2224 agam
447 2175 551 2224 inquietam.
561 2176 615 2213 Nulla
624 2177 689 2212 mentis
699 2176 772 2213 devotio
781 2177 827 2224 apud
838 2189 867 2213 eos

132 2236 246 2284 conspicitur,
258 2235 288 2272 sed
298 2236 353 2272 carnis
363 2234 427 2284 ubique
442 2234 504 2271 solatia
518 2244 623 2283 sequuntur.
634 2235 651 2271 O
661 2248 714 2284 qnam
724 2248 763 2272 raro
773 2235 794 2271 ad
803 2236 867 2272 interni

132 2296 198 2332 amoris
208 2287 318 2332 dulcedinem
329 2295 442 2340 convertitur,
450 2294 520 2343 quiquis
528 2294 546 2329 in
553 2293 613 2330 lacurn
622 2295 745 2331 fornicationis
755 2295 809 2331 semel
818 2307 868 2343 prae-

132 2355 220 2402 cipitatur.
230 2354 269 2391 Nisi
280 2355 333 2397 eninr,
343 2354 445 2402 priusquam
460 2354 478 2389 in
491 2353 536 2390 hanc
551 2355 641 2391 miseriam
657 2355 743 2400 deveniat,
756 2354 839 2392 fundatus
850 2356 867 2392 in

132 2414 196 2450 timore
207 2413 281 2450 Domini
295 2412 348 2449 fuerit
361 2413 427 2461 lapsus,
438 2411 544 2449 difficillime
557 2413 579 2450 ad
592 2426 654 2450 veram
668 2415 826 2463 compunctionem
840 2427 867 2451 re-

132 2474 191 2510 currit.
203 2471 264 2509 Sobrie
277 2473 331 2522 igitur
343 2473 396 2508 vivite
411 2472 474 2508 fratres
488 2471 595 2519 charissimi,
605 2484 622 2509 et
631 2486 701 2521 semper
715 2473 787 2523 vigilate
801 2475 819 2510 in
828 2487 867 2511 ora-

131 2531 208 2569 tionihus
225 2532 299 2575 sanctis,
316 2531 400 2580 quoniam
417 2531 451 2566 nisi
468 2531 571 2568 cautissime
589 2533 607 2568 in
623 2530 707 2569 omnibus
725 2531 866 2579 arrrbnlaveritis‚

131 2591 203 2640 laqueos
217 2590 324 2627 daemonnm
338 2602 449 2639 nequaqnam
459 2590 541 2637 poteritis
556 2590 635 2627 evadere.
649 2589 781 2628 Abstinentiam
793 2592 867 2642 diligite,

131 2644 250 2687 humilitatem
268 2661 321 2698 supet
338 2649 398 2685 onmia
416 2647 511 2686 custodite.
529 2649 588 2686 Nemo
606 2650 654 2686 enim
672 2651 729 2687 carnis
747 2664 788 2688 suae
806 2662 867 2690 motus

132 2720 191 2759 potest
205 2708 310 2757 deprimere,
321 2709 351 2757 qui
364 2709 431 2756 gulam,
441 2717 458 2744 et
467 2709 569 2758 snperbiam
583 2712 712 2758 contempserit
725 2711 815 2751 edomare.
825 2714 867 2750 For-

910 2189 941 2215 Non
955 2195 975 2215 re-

888 2231 923 2249 nrere
937 2232 975 2249 corn-

891 2265 971 2293 punguntur,

874 2294 876 2298 ’
888 2293 976 2326 quiseselibi·

887 2328 913 2353 dini
928 2329 976 2362 penui·

887 2370 937 2389 serant.
958 2386 959 2389 ,
