1968 3023
160 171 193 206 19²
258 150 260 153 ¹
356 159 404 206 Quae
417 160 448 196 rint
461 172 510 196 uerae
523 159 621 208 larunilitutis
634 160 701 198 iudicia.

157 239 261 276 servitutem
275 241 347 283 summi,
362 250 378 277 et
393 239 545 277 incommutabilis
558 240 600 287 Dei,
615 240 676 277 fratres
693 240 798 284 charissimi,
812 242 894 288 dulciter,

157 300 252 348 sapienter,
267 298 362 346 ferventer,
377 311 394 337 et
407 300 487 336 hilariter
500 299 580 348 psallite:
596 309 613 336 et
627 310 692 348 quanta
705 301 779 349 potestis
793 301 894 345 devotione,

156 372 176 395 ac
189 360 265 408 puritate
280 359 344 397 mentis
358 371 464 405 creatorem,
476 370 492 397 et
506 359 612 408 salvatorem
622 371 700 397 vestrum
714 360 776 398 sedulo
788 361 892 400 collaudate,

157 417 209 455 Absit
222 419 303 466 procula
313 418 395 456 cordibus
410 419 523 467 psallentium
537 420 595 457 omnis
605 420 686 468 pigritia:
698 433 734 457 non
743 420 846 467 admittatur
860 423 894 459 ulla

156 479 202 515 inter
211 478 318 516 laudandum
329 479 459 525 somnolentia,
470 481 562 528 qnoniam,
574 493 614 517 cum
624 481 672 516 Deus
682 480 705 516 sit
714 493 796 528 praesens
806 483 823 517 in
833 482 894 520 medio

156 537 275 585 psallentium,
285 538 336 575 decet
345 540 420 575 omnino
431 538 519 575 fervorem
529 539 590 576 adesse
600 539 699 576 deuotionis
709 539 816 577 animorum,
827 540 893 577 Omnis

156 606 238 645 tempore
252 598 311 634 Divini
325 597 406 646 obsequii
419 597 454 634 sint
468 598 540 644 munda,
554 599 614 635 ornnia
628 611 678 646 puta,
694 599 753 636 onmia
767 598 838 636 fervore
852 600 893 637 cha-

156 657 212 694 ritatis
226 657 337 706 plenissima,
348 667 435 706 quatenus
449 658 540 706 improbae
554 658 672 707 cogitationes
686 658 745 696 locum
761 672 797 695 non
810 659 893 706 habeant,

156 725 173 752 et
187 717 247 753 onmia
261 715 318 753 debite
332 717 378 754 fiant⁴
389 718 464 754 Peracto
478 716 512 764 die,
526 717 679 768 completorioque
694 731 715 755 ex
729 732 779 756 more
793 718 893 766 decantato,

156 789 203 823 utor,
214 787 233 813 ut
246 776 343 813 monachus
357 776 378 813 ad
388 787 476 813 secretum
487 777 542 814 cellae
551 778 657 826 pervenerit,
668 779 756 815 examinet
766 780 892 816 conscientiam

156 848 212 882 suam,
222 835 285 886 quibus
299 849 318 873 se
331 837 410 885 negociis
425 838 524 884 occupauit.
534 837 584 874 Haec
597 837 671 874 fratrum
685 837 797 875 consuetudo
811 849 837 875 est
852 839 893 875 hur-

155 893 241 932 sfeldinae
255 894 394 939 reformationis,
405 897 479 944 optima,
489 906 541 945 atque
555 895 651 940 laudabilis
662 906 681 932 ut
691 909 709 933 se
723 897 780 933 nullus
793 907 833 944 post
843 910 892 934 corn-

155 954 251 1002 pletorium
264 964 402 1003 superstratum
416 968 469 991 suum
480 966 580 1002 praesumat
594 968 686 1004 reponere,
695 957 729 992 nisi
743 957 791 1003 prins
802 958 893 993 conscien-

156 1014 199 1050 tiam
213 1027 262 1051 suam
273 1026 326 1062 super
336 1014 437 1051 commissis
451 1013 506 1051 indie
517 1014 580 1063 culpis,
592 1014 619 1051 vel
634 1015 746 1063 negligentiis
756 1015 893 1064 diligentissime
941 1034 943 1037 ·

156 1073 226 1110 studeat
239 1075 343 1111 examinare.
354 1074 409 1118 Quod
421 1072 438 1111 'si
451 1073 546 1111 offendisse
556 1087 587 1111 vos
601 1073 661 1111 habito
675 1076 756 1111 examine
770 1087 800 1124 per
813 1075 860 1112 diem
875 1077 892 1111 in

156 1131 216 1181 aliquo
231 1132 391 1181 deprehenderitis,
406 1127 448 1181 quid
465 1132 566 1170 faciendum
580 1133 610 1176 sit,
624 1133 672 1170 docti
688 1133 740 1182 longa
755 1133 892 1179 consuetudine,

155 1193 209 1229 scitis.
220 1191 296 1230 Occulta
310 1205 352 1229 mox
365 1193 383 1228 in
397 1193 494 1229 crastinum
509 1205 540 1240 per
553 1194 686 1238 contritionem,
696 1203 712 1229 et
722 1192 809 1229 lataanilem
824 1192 892 1230 confes-

155 1252 224 1289 sionem
239 1251 313 1301 delenda
327 1262 374 1297 sunt,
385 1251 479 1288 manifesta
491 1264 533 1288 uero
547 1252 568 1288 ad
578 1252 674 1301 capitulum
689 1252 786 1300 culparum,
796 1252 845 1301 quod
859 1266 893 1290 ser-

155 1323 206 1349 vatur
219 1310 306 1360 quotidie,
321 1311 418 1348 referenda,
431 1311 464 1347 Hic
479 1324 518 1348 mos
532 1311 623 1348 reformati
638 1323 664 1348 est
678 1311 754 1362 ordinis3
764 1312 807 1348 haec
821 1322 891 1348 sanetae

154 1372 244 1408 institutio
257 1370 398 1416 reformationis,
408 1379 427 1406 ut
441 1370 501 1418 culpas
511 1370 650 1419 delinquentium
664 1370 738 1407 fmtrum
752 1384 844 1419 traxitquam
853 1384 892 1420 per-

155 1430 247 1466 mittamus
258 1440 345 1474 crescere3
355 1427 392 1474 sed,
402 1441 450 1472 mox,
461 1437 480 1463 ut
492 1428 535 1465 oriri
548 1430 645 1477 coeperint,
655 1441 683 1464 eas
698 1441 780 1466 curemus
794 1438 891 1477 arraputate.

156 1487 241 1532 Quotidie
258 1489 358 1537 purgandus
374 1498 400 1524 est
415 1490 493 1534 aninms;
507 1488 587 1536 quotidie
602 1489 713 1536 propositum
728 1489 826 1525 sanctitatis
839 1500 891 1526 reno-

155 1548 240 1594 vandum,
250 1548 297 1596 quia,
306 1548 352 1584 sicut
366 1549 383 1583 in
393 1546 457 1584 eodem
471 1557 518 1584 statu
532 1560 568 1585 non
581 1560 675 1595 possumus
689 1549 726 1584 sine
740 1549 839 1585 minatione
851 1561 892 1585 con-

155 1607 223 1649 sistere,
238 1606 262 1642 sic
276 1607 396 1643 necessarium
411 1614 437 1641 est
451 1604 502 1642 nobis
517 1617 595 1642 ruentem
609 1605 630 1642 ad
644 1598 738 1655 pristinum
752 1606 843 1643 charitatis
858 1606 891 1642 ler-

155 1679 217 1703 uorem
232 1666 317 1703 continuo
331 1666 416 1702 exercitio
431 1664 509 1701 erebrius
523 1666 604 1702 excitare.

307 1794 351 1829 Quae
361 1794 394 1823 sini
403 1803 451 1824 aerae
461 1793 554 1823 ariamirus
564 1793 628 1823 indicia.
640 1794 697 1823 Sermo
707 1794 741 1823 III,

211 1916 246 1941 uno
260 1917 278 1940 se
292 1913 379 1949 vestrum,
388 1905 506 1941 amantissimi
521 1903 588 1948 fratres,
600 1904 671 1952 propria
684 1904 711 1940 sui
725 1904 849 1939 aestimatione
863 1903 891 1939 de-

157 1911 206 1999 N
218 1964 280 2013 cipiat;
294 1976 348 2000 neum
362 1976 392 2000 cor
406 1976 458 2000 suum
474 1964 538 2007 stulta,
552 1974 569 1999 et
587 1963 634 1999 inani
652 1962 795 2012 praesumptione
811 1962 890 1998 seducar.

154 2023 195 2060 Non
209 2035 277 2068 onmes,
290 2023 319 2072 qui
333 2023 390 2060 videri
404 2023 483 2070 cupiunt,
498 2035 559 2059 coram
573 2023 611 2059 Deo
625 2033 666 2059 sunt
679 2022 763 2058 lmrniles:
775 2034 808 2058 nec
821 2021 852 2070 q-ui
865 2032 890 2058 ta-

155 2092 194 2119 cent
208 2082 229 2119 ad
243 2082 322 2127 iniurias,
335 2094 406 2129 semper
420 2094 461 2117 vere
475 2082 567 2129 patientes,
582 2081 669 2117 Venarum
683 2081 749 2116 etenim
765 2081 851 2116 uirtutum
865 2093 891 2116 ra-

154 2142 200 2179 dices
215 2142 315 2179 consistunt
329 2141 346 2178 in
357 2139 461 2177 abscondito
476 2140 541 2185 cordis,
551 2150 568 2176 et
581 2152 617 2176 non
630 2140 647 2176 in
659 2138 696 2176 sola
710 2139 802 2175 exterioris
817 2137 890 2174 demon-

153 2204 239 2240 stratione
253 2201 372 2239 exhibitionis.
383 2201 478 2237 Cernimus
488 2200 576 2249 quosdam
589 2200 607 2235 iu
616 2198 672 2242 vobis,
682 2200 712 2247 qui
721 2198 798 2234 humiles
812 2198 890 2245 reputari

154 2264 281 2311 potiusquam
296 2274 334 2298 esse
347 2261 440 2306 veraciter,
454 2269 545 2308 appetunt,
558 2268 574 2295 et
588 2256 679 2306 superbiae
693 2260 742 2306 signa
756 2258 817 2301 multa,
832 2257 890 2293 lutmi-

153 2323 207 2359 litatis
216 2335 259 2358 vero
273 2332 302 2357 aut
311 2321 365 2366 nulla,
375 2331 405 2356 aut
420 2320 518 2356 certissime
532 2319 639 2366 paucissima
652 2317 754 2354 ostendunt
765 2317 890 2366 Comperimus

153 2381 268 2417 uehementer
281 2381 357 2417 nimium
371 2379 477 2424 errantibus,
487 2380 532 2415 sicut
546 2379 584 2414 iure
598 2376 687 2422 dehemus
697 2377 727 2425 qui
740 2389 805 2413 nomeu
818 2376 889 2412 virtutis

98 2430 100 2433 V
154 2440 217 2477 habere
231 2440 310 2488 cupiunt,
320 2440 350 2476 sed
364 2440 450 2475 virtutem
464 2447 587 2475 contemnunt.
598 2437 657 2480 Qnetn
669 2449 713 2484 rogo
723 2435 802 2484 decipitis
817 2436 890 2472 miseri?

153 2501 217 2537 Nonne
232 2500 314 2548 vosipsos
330 2500 405 2548 turpiter
420 2498 522 2535 seducendo
536 2497 634 2544 perimitis,
648 2496 677 2544 qui
692 2505 792 2544 contempta
806 2496 890 2540 veritate,

153 2559 266 2597 mendacium
279 2559 354 2596 arnatis?
367 2558 390 2595 Ut
404 2568 463 2594 auteur
477 2556 542 2598 sciatis,
555 2567 608 2604 qtntm
622 2553 696 2602 superbe
710 2555 774 2601 uiuitis,
789 2554 859 2600 indicia,
873 2564 889 2590 et

153 2621 202 2668 signu
212 2632 263 2656 verae
272 2618 378 2655 humilitatis
388 2630 420 2665 per
430 2616 511 2653 ordinem
522 2614 601 2651 dicemus
605 2630 609 2660 ;
620 2627 695 2662 quorun]
705 2614 791 2663 quaedam
801 2615 818 2649 in
828 2612 887 2658 corde,

154 2678 237 2714 duntaxat
251 2687 323 2713 nntnent
337 2675 446 2721 abscondita,
456 2673 541 2723 quaedam
552 2685 595 2710 veto
604 2674 657 2709 etiam
671 2671 713 2709 foris
725 2672 837 2720 erumpentia
847 2683 889 2707 cun-
