1968 3023
444 136 521 174 Harrtilt'a
535 136 601 173 XXIII.
782 156 785 170 -.
857 136 888 180 163

153 232 202 259 tanto
216 221 301 271 perfectio
315 220 383 256 animae
398 219 455 262 citius,
465 231 485 254 ac
498 217 562 254 fortius
577 217 674 266 consurgit.
685 217 742 253 Amor
752 217 785 253 Dei
794 225 821 252 est
835 216 889 252 turris

153 280 268 327 fortitudinis,
279 281 306 317 cui
319 289 408 328 nequeunt
422 279 565 327 appropinquare
579 289 642 313 ornnes
652 276 729 313 ministri
738 275 836 313 diabolicae
849 289 888 325 pra-

152 341 217 377 vitatis.
226 341 282 377 Artior
296 341 330 377 Dei
343 349 369 375 est
383 338 515 375 consummatio
529 338 584 373 totius
598 336 681 382 iustitiae,
695 345 712 372 et
725 335 764 372 finis
778 335 887 373 monasticae

152 399 259 448 disciplinae,
269 401 325 436 Artior
334 399 368 436 Dei
377 396 444 446 perficit
455 395 571 443 monachum,
581 405 599 432 et
609 394 650 432 facit
658 408 699 432 eutn
713 396 731 431 in
742 394 826 432 omnibus
835 394 887 431 bonis

152 458 234 507 operibus
248 469 396 496 consurmnaturn.
406 458 465 494 Amor
474 457 508 493 Dei
522 466 548 492 est
562 468 615 491 suave
625 455 687 503 iugum
696 455 775 491 internae
789 453 887 490 dulcedinis

151 531 182 567 per
197 518 244 567 qood
260 518 361 554 eliminatur
378 529 387 552 a
405 526 464 553 mente
482 516 542 552 omnis
560 515 646 563 spurcitia
663 524 742 551 terrenae
760 513 887 562 corruptionis.

152 579 209 614 Amor
221 578 254 614 Dei
268 576 374 614 honorificat
388 577 462 622 animas,
472 585 489 612 et
503 575 545 612 facit
560 587 589 611 eas
603 588 612 610 a
626 574 693 610 cunctis
703 572 783 610 sordibus
797 585 855 621 puras,
870 584 887 609 et

152 637 279 674 immaculatas,
289 637 346 672 Amor
355 635 389 671 Dei
401 644 480 672 ntentern
494 636 512 671 in
526 647 598 672 ornnem
609 633 730 682 cognitionem
741 633 843 669 caelestium
857 631 886 669 bo-

151 710 215 734 nortun
229 695 306 744 perfecte
319 694 413 740 illuminat,
429 695 525 743 ipsumque
540 692 625 730 affectum
639 693 729 729 acuitatis
746 691 843 729 immundis
857 704 886 728 va-

151 754 234 793 nitatibus
251 763 319 803 purgat.
333 754 390 789 Amor
403 754 437 789 Dei
451 752 546 790 habentem
560 766 578 789 se
592 753 678 789 veraciter
695 751 736 788 neit
754 750 884 793 doctissimum,

151 825 167 852 et
181 816 198 851 in
212 814 261 851 omni
274 814 359 861 scriptura
372 811 476 849 mirabiliter
486 812 583 849 eruditum.
595 813 652 849 Amor
662 812 695 848 Dei
708 810 817 848 monachum
827 809 885 847 reddit

150 874 218 911 cunetis
231 872 312 910 hostibus
322 870 460 916 formidabilem,
471 882 488 908 et
498 872 568 908 confert
577 870 731 920 perseverantibus
741 870 838 919 angelicam
853 883 885 918 po*

150 942 236 970 testatem.
247 933 304 969 Amor
313 931 345 968 Dei
355 931 448 967 hominem
459 930 538 968 defendit
552 932 568 968 in
579 931 671 978 periculis,
682 932 765 978 quoniam
775 931 884 978 quicumque

149 993 207 1029 Deum
217 991 302 1028 veraciter
316 990 379 1039 diligit,
389 989 436 1026 nulla
448 990 537 1027 contraria
550 989 666 1037 pertimescit,
676 990 733 1025 Amor
742 990 775 1025 Dei
788 987 884 1025 habentem

149 1064 167 1087 se
180 1051 199 1087 in
212 1050 274 1086 mortis
288 1050 331 1086 hora
344 1061 428 1085 securum
442 1048 489 1094 facit,
499 1061 519 1084 ac
532 1058 592 1084 tutum
606 1061 616 1084 a
629 1047 751 1093 daemonibus,
761 1058 777 1084 et
791 1048 885 1095 coniungit

149 1109 226 1145 anitnatn
240 1106 343 1145 caelestibus
357 1108 428 1143 tunnis.
438 1108 495 1144 horor
504 1107 540 1143 Dei
553 1119 676 1154 possessorem
687 1118 740 1142 suurn
750 1106 844 1143 caelestem
857 1119 884 1143 re-

149 1167 197 1204 ducit
211 1167 232 1204 ad
245 1168 330 1215 patriam3
345 1177 362 1203 et
378 1165 447 1202 confert
465 1166 566 1202 narrantibus
580 1166 640 1202 Deum
657 1165 732 1215 gloriam
749 1166 883 1213 sempiternam.

149 1228 206 1263 Amor
215 1227 248 1263 Dei
261 1227 342 1263 omniurn
357 1225 445 1262 bonorum
456 1238 532 1274 operum
546 1236 572 1262 est
586 1226 689 1269 maximum¹
700 1236 717 1262 et
730 1236 834 1262 cunctarum
848 1226 883 1262 vir-

149 1296 207 1323 tutum
221 1286 238 1322 in
251 1285 284 1322 fide
298 1285 365 1323 Christi
379 1286 451 1322 unicum
465 1285 608 1323 fundamentum.
619 1286 676 1323 tlmor·
685 1286 718 1323 Dei
732 1297 843 1334 unguentum
858 1297 883 1323 est

148 1346 244 1393 optimum,
255 1346 273 1381 iu
282 1358 317 1394 quo
326 1354 411 1381 sanantur
420 1337 564 1382 omnia'vulnen
573 1344 696 1393 languentium
711 1346 816 1382 animarum.
825 1348 883 1383 litator

147 1403 186 1449 Dei,
200 1402 315 1452 piupertatis³
329 1413 345 1440 et
358 1404 429 1452 inopiae
447 1413 473 1440 est
487 1403 578 1441 abundans
597 1403 701 1448 remedium,
716 1414 732 1440 et
746 1404 844 1442 consolatio
858 1404 883 1441 ef-

147 1462 192 1499 ficax
201 1475 254 1511 supra
263 1475 336 1499 ornnem
345 1462 478 1510 possessionem
487 1453 597 1500 divitiarum,
606 1454 737 1500 Arnor‘Christi
747 1476 819 1500 ornnem
829 1463 882 1500 huius

147 1519 209 1557 tnundi
222 1521 320 1558 doctrinam
328 1522 395 1568 procul
405 1531 507 1569 exsuperat,
518 1532 534 1558 et
544 1521 672 1569 perfectissime
685 1521 769 1559 habentes
779 1521 800 1559 ad
809 1535 883 1560 omnem

146 1579 237 1616 scientiam
251 1580 303 1616 saluti
316 1581 434 1617 necessariam
448 1580 540 1617 informat.
555 1582 612 1618 Artior
625 1581 659 1618 Dei
672 1581 743 1630 spiritui
758 1592 818 1618 sancto
832 1595 882 1619 aaran·

146 1640 216 1675 sionem
227 1638 349 1689 delectabilem
361 1640 380 1676 in
394 1640 447 1677 corde
457 1641 534 1677 horninis
545 1651 642 1688 praeparat,
653 1654 729 1690 eumque
739 1652 882 1689 perseuerantem

146 1699 163 1734 in
177 1699 226 1734 omni
240 1699 315 1745 puritate
329 1709 427 1736 conservat.
441 1701 499 1736 Amor·
514 1700 547 1736 Dei
561 1701 643 1737 omniurn
657 1701 752 1738 doctorum
766 1711 792 1738 est
806 1702 881 1739 uelocis-

145 1758 206 1802 simos,
220 1758 303 1805 quoniam
318 1757 365 1805 quod
380 1757 457 1794 carnales
472 1770 513 1794 cum
527 1768 609 1806 ternpore
623 1759 698 1802 discunt,
712 1768 729 1796 et
743 1760 801 1797 multo
815 1760 880 1805 studio,

146 1816 180 1852 hoc
193 1816 265 1864 spiritus
278 1825 349 1852 sanctus
362 1816 421 1851 Deum
439 1815 540 1852 atiaantihus
558 1815 611 1853 tradit
627 1819 645 1854 in
662 1829 762 1856 momento.
775 1821 833 1857 hinor
846 1821 881 1857 Dei

145 1874 236 1910 scientiam
252 1874 280 1912 dat
293 1874 376 1922 paruulis,
391 1885 408 1911 et
424 1876 501 1911 rusticos
516 1874 606 1912 doctiores
623 1876 665 1913 facit
683 1877 761 1915 eruditis.
775 1880 832 1916 Amor·
846 1880 880 1916 Dei

145 1932 212 1969 fortior,
221 1942 247 1969 est
261 1931 350 1978 omnibu,
365 1942 382 1969 et
395 1946 427 1969 sua
436 1929 502 1971 virtute
512 1933 614 1972 dominatur
623 1937 715 1974 universis.
726 1938 783 1975 Amor
792 1938 826 1975 Dei
840 1939 879 1977 solo

144 1991 198 2028 verbo
208 1991 322 2029 daemonibus
333 1993 413 2041 imperat,
424 2006 491 2042 eosque.
505 1992 526 2029 de
540 1993 617 2030 obsessis
628 1995 722 2033 hominum
733 1998 838 2046 corporibus
848 2011 879 2047 per

144 2052 200 2087 crucis
213 2051 324 2099 signaculum
337 2050 391 2099 fugat.
402 2051 459 2088 Amor
469 2052 503 2088 Dei
517 2053 583 2089 sanctis
597 2055 614 2089 iu
629 2054 678 2091 coelo
688 2055 779 2104 spiritibus
789 2067 879 2094 aeternam

144 2109 271 2147 beatitudinem
281 2111 362 2157 contulit,
373 2124 417 2159 quos
427 2113 483 2160 gratia
493 2112 591 2150 conditoris
601 2124 679 2151 arttantes
694 2115 811 2152 confirmavit.
821 2117 879 2154 Amor

143 2169 177 2206 Dei
190 2169 272 2206 homines
285 2171 303 2207 in
316 2169 350 2206 fide
363 2170 402 2206 lesu
413 2170 480 2207 Christi
490 2170 588 2219 baptizatos
601 2173 620 2209 in
633 2183 703 2211 aeterna
716 2174 810 2211 faelicitate
824 2174 879 2213 beati-

143 2227 190 2273 ficat‚
205 2228 245 2276 quia
258 2242 311 2265 nemo
325 2229 347 2265 ad
360 2230 471 2266 consortium
485 2231 590 2277 angelorum
605 2245 683 2281 unquam
696 2235 754 2281 potuit
770 2235 878 2283 pertingere,
924 2266 927 2269 ,

144 2287 178 2322 nisi
192 2299 245 2334 quem
258 2288 291 2324 Dei
305 2300 354 2324 aanor
368 2301 482 2335 perseuerans
496 2288 603 2337 probaretur
616 2291 740 2329 inflammasse.
755 2293 812 2330 Amor
830 2295 879 2331 enim

143 2345 176 2382 Dei
194 2346 243 2382 solus
261 2357 296 2392 est‚=
309 2348 338 2395 qui
356 2360 416 2395 opera,
433 2357 450 2384 et
468 2347 514 2384 bona
532 2348 579 2395 facit,
594 2360 611 2386 et
628 2352 726 2396 meritoria,
740 2353 826 2401 quoniam
843 2354 879 2390 hoc

144 2403 204 2440 solum
213 2405 261 2441 Deus
276 2405 355 2442 oblatum
369 2419 378 2442 a
391 2405 442 2442 nobis
457 2420 521 2443 munus
536 2407 578 2444 boni
587 2410 646 2456 operis
656 2410 735 2458 suscipit,
745 2411 793 2459 quod
806 2412 879 2450 flamma

143 2463 232 2499 eharitatis
246 2464 320 2512 dignuin
334 2467 352 2501 in
366 2466 403 2502 eius
422 2477 520 2517 conspectu
538 2467 585 2505 fecit.
600 2469 689 2518 Quicquid
708 2481 754 2507 extra
773 2471 878 2509 charitatem

143 2522 207 2569 agitur,
221 2522 313 2572 indignum
326 2525 360 2560 Dei
374 2536 471 2574 conspectu
485 2526 579 2564 iudicatur.
600 2528 691 2566 Attendite
704 2543 751 2566 tiunc
767 2531 830 2568 fratres
844 2534 879 2568 mei
906 2563 926 2570 ,,.

141 2580 293 2619 admonitionibus
307 2585 378 2629 nostris,
392 2595 408 2621 et
422 2584 517 2634 diligenter
531 2587 646 2634 considerate,
656 2601 709 2638 quam
723 2592 843 2628 necessarium
857 2592 881 2628 sit
902 2602 903 2605 ’

140 2639 190 2677 vobis
200 2641 258 2678 Deum
271 2655 323 2691 super
333 2645 392 2682 omnia
402 2644 483 2694 diligere,
498 2647 512 2682 si
526 2646 547 2683 ad
561 2648 598 2684 eius
613 2660 688 2697 regnum
699 2651 792 2698 pertenire
807 2652 879 2698 cupitis,
