1968 3023
61 2012 127 2040 Praela-

39 2056 64 2080 tus,
74 2049 127 2074 circum·

40 2082 127 2118 specrissi-

39 2126 68 2144 ntus
78 2119 99 2144 sit.

42 2585 56 2611 In
64 2583 125 2619 parientia

37 2620 78 2653 nangis
86 2627 125 2654 quam

36 2656 48 2680 iu
60 2656 125 2680 actione

37 2698 43 2715 c
50 2697 80 2715 ons
85 2689 88 2715 i
93 2697 99 2715 s
104 2689 126 2714 tit

36 2723 121 2759 poenitentia.

155 196 177 233 88
342 194 368 232 Da
381 193 478 244 quotidiana
488 201 593 244 peccatoram
606 194 702 245 expiatione.

154 274 253 313 senioribus
267 285 343 324 quatuor
358 274 459 324 spirituales
473 275 596 320 confessores,
611 283 630 311 ut
647 275 662 311 si
680 275 719 324 quis
735 284 815 312 vestrum
828 274 886 325 aliqua

154 336 206 372 luerit
220 335 290 372 occulta
303 335 402 372 tentatione
411 344 556 384 praeoccupatus,
567 343 583 370 et
592 344 672 371 nostram
680 334 763 372 habuerit
776 335 886 384 inexpertam

154 398 265 433 iuventutem
279 403 390 443 suspectam,
406 394 428 431 ad
444 393 484 431 illos
498 407 531 442 pro
547 393 669 431 consolatione
685 395 712 431 sui
730 408 812 433 securum
829 396 886 445 possit

153 454 217 493 hahere
231 468 330 493 recursum.
348 454 435 498 Quamvis
453 454 544 490 iteruinem
561 454 579 490 in
596 462 633 491 tota
647 456 786 504 congregatione
802 454 886 492 hactenus

153 515 274 552 invenerimus
289 515 329 558 ista,
343 524 397 562 quem
414 511 465 549 nobis
481 511 535 548 fidem
553 521 589 549 tam
607 513 624 550 in
638 513 757 559 confessione,
771 527 825 563 quam
838 525 886 551 extra

153 575 249 612 detraxisse
258 573 387 611 notaverimus
402 571 471 609 Omnes
481 572 529 608 enim
539 572 655 620 cognoscitis,
666 582 683 609 et
692 582 752 620 aperte
758 573 828 618 videtis,
838 572 886 622 quod

153 634 198 672 nihil
211 620 229 671 ih
242 632 292 671 vohis
305 631 381 680 amplius
395 643 471 680 quaero,
485 631 531 668 nihil
544 630 583 679 plus
597 630 688 678 desidero,
702 645 755 681 quam
769 642 845 669 vestram
859 645 885 669 sa-

153 694 220 740 lutem,
234 703 251 730 et
266 691 361 740 spiritualis
377 688 474 739 profectus
486 690 612 739 quotidianum
630 687 765 729 incrementum.
784 692 825 729 Vos·
839 692 885 729 enim

154 766 220 791 corona
233 765 277 795 mea,
287 763 319 788 vos
332 751 390 787 honor
404 762 461 795 metu,
470 761 504 786 vos
513 748 598 798 gaudium
609 762 679 788 meum:
693 751 740 799 quia,
755 760 797 788 tunc
810 764 839 788 me
848 750 885 789 ioe-

153 814 206 851 licem
219 812 307 854 existimo,
321 823 362 846 cum
376 822 409 846 vos
422 809 441 845 in
454 808 488 846 Dei
504 808 601 856 proiecisse
614 821 676 846 amore
689 823 786 859 cognosco.
802 811 885 860 Magnam

153 871 256 922 proficiendi
264 869 415 918 opportunitatem
426 868 517 906 consecuti
526 869 568 905 estis
578 868 640 905 fratres
649 868 755 916 charissimi,
766 871 856 919 quoniam,
867 880 885 907 et

152 933 207 976 locus,
223 932 239 968 iu
253 943 288 979 qno
298 928 396 965 militamus
410 928 497 973 Domino,
507 926 527 964 ah
538 929 588 965 omni
601 929 676 977 strepitu
686 939 765 967 remotus
775 940 801 967 est
814 939 831 966 et
841 943 884 979 quo-

152 992 217 1029 tidiana
229 1003 262 1027 vos
275 988 398 1026 admonitione
407 986 428 1023 ad
441 987 516 1024 meliora
529 999 637 1035 promovere
649 1001 686 1025 uon
699 1002 794 1027 cessamus
808 989 884 1034 Quoties

152 1064 194 1088 vero
208 1050 296 1099 quispiam
309 1057 391 1084 vestrum
401 1047 419 1082 in
428 1045 500 1094 aliquod
513 1056 606 1095 peccatum
619 1060 650 1096 per
663 1047 759 1085 humanam
771 1047 884 1098 fragilitatem

153 1111 241 1155 ceciderit,
255 1110 312 1145 iacere
325 1108 342 1144 in
357 1106 456 1143 deiectione
470 1105 525 1142 animi
538 1106 604 1143 diutius
618 1119 654 1144 non
667 1109 786 1156 permittitur,
800 1107 829 1145 ubi
842 1108 885 1146 alter

151 1171 171 1208 ab
186 1170 241 1207 altero
251 1170 320 1205 intera
333 1167 406 1203 caritate
420 1165 497 1202 fraterna
510 1178 543 1214 pro
553 1167 590 1203 suis
603 1166 715 1216 negligentiis
729 1168 808 1216 quotidie
817 1168 884 1217 procla-

151 1241 214 1269 matur.
229 1230 277 1266 Haec
286 1237 313 1265 est
323 1226 395 1264 officina
409 1226 476 1270 saturis,
487 1225 504 1262 in
515 1239 548 1274 qua
557 1238 608 1263 mens
622 1225 686 1275 pabulo
701 1227 783 1264 coelestis
793 1228 884 1265 doctrinae

151 1292 234 1340 pascitur,
248 1300 265 1325 et
279 1289 338 1324 anima
351 1286 472 1323 satisfactione
487 1285 557 1333 publica
570 1286 650 1336 quotidie
663 1299 672 1322 a
686 1287 793 1324 delictorum
810 1287 883 1325 maculis

151 1349 263 1387 emundatur.
273 1347 307 1383 Hic
316 1345 366 1383 locus
375 1354 402 1380 est
411 1345 511 1392 purgatorii
521 1346 616 1392 terrestris,
622 1347 643 1388 in
652 1359 688 1395 quo
697 1347 796 1384 monachus
806 1359 838 1395 pro
847 1348 883 1384 suis

150 1408 264 1459 negligentiis
278 1405 353 1442 discrete
367 1404 469 1451 corripitur,
483 1413 500 1440 et
513 1416 544 1452 per
557 1404 644 1441 humilem
658 1406 761 1454 patientiam
774 1419 806 1454 pro
818 1407 883 1444 Christi

150 1483 211 1507 amore
221 1467 300 1518 quotidie
309 1466 365 1514 longo
374 1466 461 1513 martyrio
471 1466 547 1502 creatori
555 1478 589 1502 suo
598 1465 707 1503 immolatur.
717 1466 804 1503 Nostrum
813 1476 840 1503 est
849 1466 883 1503 lra-

149 1518 193 1574 tres‚
204 1528 221 1565 in
231 1528 265 1564 hoc
273 1525 380 1563 consistorio
389 1523 481 1572 culparum
491 1524 611 1572 proclamatus
620 1523 694 1561 discrete
702 1526 796 1573 corripere:
804 1534 882 1562 vestrum

149 1598 176 1626 est
185 1588 245 1625 ontnia
254 1585 383 1635 patientissime
392 1584 472 1620 sufferre.
486 1583 565 1632 Oportet
573 1583 626 1628 enim,
636 1594 656 1620 ut
665 1596 697 1632 pro
710 1585 776 1621 nostris
788 1584 883 1621 satisfacia-

149 1661 189 1685 mus
203 1647 288 1695 peccatis:
303 1642 356 1693 quod,
370 1644 384 1680 si
399 1642 456 1680 facere
466 1644 484 1679 in
494 1642 525 1679 hac
534 1645 571 1679 vita
579 1643 718 1692 neglexerimus,
732 1644 749 1680 in
762 1643 821 1681 futura
834 1656 882 1680 corn-

149 1708 195 1757 pulsi
209 1706 308 1743 necessario
322 1704 413 1740 faciemus.
428 1703 472 1739 Sunt
482 1702 569 1739 intervos
579 1701 661 1739 nonnulli
674 1704 794 1740 correctiones
805 1703 883 1751 graviter

149 1768 234 1810 ferentes,
248 1763 311 1814 quibus
326 1763 451 1799 denuntiamus
471 1760 519 1809 quod
536 1773 588 1809 saepe
600 1760 693 1807 ¹diximum
707 1763 791 1810 quoniam
811 1773 882 1798 necesse

149 1837 176 1866 est
189 1836 209 1864 ut
222 1828 239 1863 in
252 1825 312 1862 futuro
325 1822 544 1872 gravissimasustineant,
555 1821 648 1869 quiparva
661 1820 690 1857 hic
701 1821 794 1867 sustinere,
805 1833 825 1857 ac
838 1821 882 1858 levia

148 1895 236 1925 recusant.
250 1885 287 1933 Ego
302 1893 359 1919 autem
370 1880 484 1918 considerans
494 1878 592 1916 eorundem
602 1878 722 1917 infirmitatem
732 1890 750 1917 et
759 1881 882 1929 ignorantiam,

149 1959 202 1996 penes
216 1945 304 1992 meipsum
318 1941 394 1990 graviter
408 1940 483 1983 crucior,
497 1939 538 1989 quia
551 1950 621 1975 mentes
634 1952 697 1975 eorum
711 1941 778 1976 saucias
791 1939 850 1985 video,
865 1949 882 1976 et

148 2019 207 2044 tamen
220 2002 304 2041 adhihere
313 2002 412 2039 necessaria
421 2001 539 2037 medicamina
551 2000 665 2048 pertimesco.
674 2000 751 2044 Namsi
759 2001 882 2037 carmenientia

147 2065 214 2103 morbis
223 2063 333 2113 applicavero
344 2059 427 2105 remedia,
437 2071 503 2102 uereor,
514 2071 536 2095 ne
549 2057 670 2107 pusillanimes
680 2058 737 2095 effecti
746 2058 881 2108 indesperatio·

147 2139 188 2164 nem
202 2123 289 2165 incidant,
307 2121 335 2157 vel
353 2131 400 2157 certe
414 2119 432 2155 in
445 2116 543 2166 reprobum
561 2130 633 2154 sensum
651 2117 687 2154 dati
705 2119 785 2166 paenitus
798 2131 807 2155 a
820 2129 881 2155 sancto

147 2184 240 2233 proposito
258 2180 346 2218 recedant.
365 2179 437 2221 Quanta
455 2178 509 2225 igitur
522 2182 596 2225 possum
611 2176 716 2213 discretione
730 2187 776 2221 utor,
791 2177 880 2215 sicutwvos

147 2255 209 2280 omnes
222 2241 266 2278 mihi
279 2239 405 2276 testimonium
419 2235 546 2284 perhibebitis,
560 2234 627 2271 malens
641 2234 721 2272 infirmos
734 2249 765 2284 per
777 2236 880 2284 patientiam

146 2316 186 2339 cum
200 2301 285 2337 charitate
299 2298 370 2345 mittere
384 2296 405 2333 ad
419 2295 551 2345 purgatorium,
562 2306 616 2343 quam
625 2307 646 2330 er
655 2294 700 2331 iusta
712 2295 806 2332 severitate
820 2295 880 2344 despe-

146 2372 193 2398 ratos
207 2350 313 2396 descendere
327 2356 348 2393 ad
361 2354 458 2393 internum.
473 2355 518 2398 Quis
532 2354 580 2390 enim
590 2354 608 2389 in
618 2354 650 2390 hac
660 2354 767 2392 mortalitate
780 2354 881 2392 satisfacere

145 2433 177 2469 pro
192 2419 268 2469 peccatis
282 2428 360 2465 unquam
374 2415 440 2464 potuit,
454 2415 484 2462 qui
498 2412 564 2450 honam
575 2413 695 2471 poenitentiae
708 2426 744 2451 nort
758 2414 838 2451 adhibuit
851 2428 881 2452 vo·

145 2478 243 2516 luntatem?
257 2476 298 2514 Sola
311 2488 382 2524 italique
396 2474 479 2511 voluntas
493 2472 539 2510 bona
548 2473 680 2522 poenitentium
694 2486 747 2522 opera
761 2475 880 2513 cotttrnendat.
905 2502 907 2505 v

146 2540 191 2576 Cum
204 2549 263 2574 autem
278 2536 338 2584 plures
352 2535 449 2582 puniantur
462 2533 524 2576 iuviti,
537 2531 595 2583 adhuc
608 2543 649 2568 sunt
663 2534 727 2570 remoti
740 2546 749 2570 a
763 2532 840 2582 perfetta
854 2546 880 2570 sa-

146 2597 255 2634 tisfactione:
274 2595 347 2633 Credite
364 2594 407 2630 mihi
425 2593 487 2629 fratres
505 2593 540 2628 mei
558 2590 677 2638 dilectissimi,
695 2593 779 2641 quoniam
797 2594 880 2641 pariendo

147 2657 215 2704 nmgis,
229 2668 283 2705 quam
296 2653 367 2703 agendo
384 2651 521 2693 commendatur
538 2651 635 2688 satislactio
649 2664 681 2700 pro
694 2654 776 2702 peccatis.
794 2652 849 2696 Nam,
863 2662 880 2690 et

147 2717 185 2765 ipse
199 2715 299 2760 Dominus,
314 2726 333 2750 ac
349 2713 427 2750 salvator
444 2711 526 2749 omnium
542 2721 624 2749 nostrum
639 2712 689 2749 lesus
701 2712 784 2749 Christus
796 2712 880 2762 patiendo
