1968 3023
424 135 480 172 Sarma
495 134 518 171 ll.
805 134 837 180 189

100 219 153 264 Rogo
168 225 184 251 te
199 228 229 264 per
243 216 288 253 hauc
302 214 359 253 cordis
373 216 399 252 tui
413 216 509 261 tristitiam,
523 228 534 251 o
548 215 625 252 Domine
639 216 693 261 Deus,
703 216 788 251 miserere
803 214 838 250 ruei
865 252 867 257 ,

100 290 151 320 nuuc,
166 286 182 313 et
196 278 213 313 in
227 277 270 313 hora
283 276 346 314 mortis
365 289 425 322 meae,
440 288 457 313 et
470 277 519 313 aufer
537 289 588 313 ame
601 289 672 313 omnem
689 274 836 318 melancholiam,

95 348 117 375 ,et
131 336 250 373 inordinatum
261 348 369 380 moerorem,
380 337 480 373 concedens
494 335 538 372 mihi
552 335 642 372 tristitiam
657 348 689 383 pro
703 335 778 382 peccatis
792 335 837 371 meis

99 399 149 433 omni
166 405 247 445 tempore
264 394 365 432 salutarem.
384 396 424 444 algo
443 395 474 432 tibi
492 395 557 444 gratias
573 407 604 443 pro
622 395 711 431 moestitia
729 395 836 431 sanctissimi

100 455 158 492 cordis
172 456 206 502 tui,
220 455 289 504 quando
308 465 375 503 patrem
392 456 409 491 in
428 455 491 504 agonia
509 455 578 502 positus
592 467 647 503 usque
660 455 713 490 tertio
727 455 803 502 rogasti,
818 463 837 490 ut

100 515 172 552 calicem
187 529 196 552 a
209 525 226 551 te
240 514 342 551 transferret
359 515 458 563 passionis,
473 514 549 562 fusoque
564 526 604 561 prae
618 514 698 562 angustia
717 511 792 549 mirabili
808 526 837 549 su-

100 575 149 621 dore,
163 575 180 610 in
194 575 231 611 eius
245 574 355 611 voluntatem
369 585 386 610 te
400 584 459 610 totum
474 574 568 622 resignasti
582 586 614 622 pro
628 572 685 609 nobis.
699 573 738 621 Ago
753 570 784 608 tibi
798 584 837 619 gra-

99 634 138 680 tias,
152 647 162 670 o
176 634 271 679 rexcoeli,
282 642 298 670 et
312 643 368 670 terrae
383 646 415 681 pro
429 644 458 670 tua
473 634 582 681 captivitate,
593 646 625 681 pro
635 632 753 677 contumeliis,
761 632 837 677 iniuriis,

100 703 117 730 et
130 692 247 740 irrisionibus,
257 705 299 741 quas
309 702 348 730 toto
362 693 450 741 passionis
464 704 545 741 tempore
559 693 656 729 sustinuisti
666 701 739 740 propter
750 701 837 738 nostram,

99 754 215 802 omniumque
229 753 310 789 salutem.
324 755 364 800 algo
378 752 409 788 tibi
423 753 495 801 gratias,
505 766 515 789 o
526 752 602 790 Domine
617 753 662 797 lesu,
671 752 730 795 laudo,
745 750 836 794 benedico,

99 825 115 850 et
131 815 186 850 adoro
199 824 216 850 te
229 812 303 862 ligatum
317 812 338 849 ad
352 808 455 851 columnam
470 826 501 860 pro
516 813 634 862 flagellatione
648 813 739 850 tenerrimi
755 813 836 862 corporis

98 874 123 910 tui
137 872 237 915 durissima,
251 883 268 909 et
281 873 441 909 sacrosanctissimi
455 873 546 922 sauguinis
559 872 651 917 effusione,
662 872 792 921 vulnerumque
803 873 836 909 im-

98 945 160 970 menso
175 931 241 969 dolore.
256 932 317 969 Adoro
331 943 355 975 te,
370 933 449 969 Domine
465 932 503 968 Iesu
515 933 585 969 Christe
600 932 655 980 spinis
670 942 760 978 coronate,
771 942 788 968 et
798 945 836 981 gra-

98 993 131 1039 tias
145 1005 178 1040 ago
192 990 223 1028 tibi
237 1004 269 1039 pro
283 990 409 1039 punctionibus
423 1002 440 1027 et
454 990 545 1028 doloribus
559 992 665 1028 sanctissimi
679 992 740 1039 capitis
755 992 788 1035 tui,
804 1004 836 1040 pro

98 1050 204 1097 verberibus,
218 1052 281 1098 sputis,
295 1061 312 1086 et
326 1051 394 1087 cunctis
409 1050 520 1087 irrisionibus
534 1060 575 1087 tuae
588 1051 676 1087 irlaiestati
690 1049 710 1086 ab
724 1050 784 1098 impiis
798 1063 836 1086 cru-

98 1110 160 1147 deliter
174 1109 232 1146 illatis.
246 1109 307 1147 ndoro
321 1119 345 1154 te,
357 1110 428 1146 Christe
442 1110 481 1145 lesu
496 1110 528 1145 Fili
542 1111 575 1146 Dei
589 1111 631 1156 vivi,
643 1110 698 1146 crucis
712 1119 753 1146 tuae
766 1109 836 1157 pondus

98 1170 224 1218 gravissimum
239 1167 358 1214 baiulantem3
373 1169 429 1214 adorp
443 1180 460 1205 te
474 1181 534 1205 coram
548 1169 662 1206 multitudine
677 1169 787 1206 vestimentis
803 1182 836 1205 nu-

99 1228 171 1273 datum3
185 1218 239 1265 adoro
253 1238 270 1264 te
284 1228 338 1264 clavis
352 1228 414 1265 ferreis
428 1229 449 1265 ad
464 1241 534 1265 crucem
549 1227 635 1275 manibus,
649 1241 669 1265 ac
682 1227 756 1277 pedibus
774 1239 835 1265 eaten-

98 1300 148 1333 sum,
158 1298 174 1323 et
188 1288 240 1324 nimis
255 1286 348 1324 crudeliter
359 1287 440 1325 affixum.
455 1288 517 1325 Adoro
536 1299 563 1334 te,
578 1289 616 1325 Iesu
631 1288 700 1326 Christe
714 1289 751 1327 Rex
769 1290 835 1336 sempi-

97 1357 153 1393 terne,
167 1359 199 1393 pro
213 1360 241 1382 me
256 1347 372 1394 pendentem,
386 1360 406 1384 ac
419 1348 525 1384 morientem
540 1349 558 1384 in
572 1360 632 1393 cruce3
646 1358 663 1385 et
678 1350 742 1397 gratias
756 1361 790 1396 ago
804 1348 835 1385 do-

86 1405 164 1443 'lotibus
177 1406 272 1443 vulnerum
286 1416 364 1444 tuorum,
379 1407 450 1444 Gratias
464 1420 498 1455 ago
512 1407 594 1444 effusioni
608 1408 732 1457 pretiosissimi
744 1408 835 1457 sanguinis

96 1466 134 1511 tui3
149 1467 214 1513 gratias
232 1478 265 1514 ago
283 1467 440 1503 innocentissimae
458 1468 512 1504 morti
531 1478 580 1512 tuae,
595 1480 646 1516 quam
665 1467 764 1504 voluntarie
782 1468 835 1503 susti-

55 1570 57 1574 ·
96 1526 150 1562 nuisti
164 1538 195 1573 pro
209 1527 280 1570 nostris,
294 1535 311 1561 et
324 1526 380 1562 totius
395 1526 455 1562 mundi
471 1526 553 1574 peccatis.
567 1526 636 1563 Gratias
651 1539 684 1575 ago
696 1527 794 1563 immensae
804 1526 835 1563 bo-

96 1584 146 1621 nitati
156 1594 202 1629 tuae,
213 1584 260 1633 quod
270 1598 299 1620 me
308 1594 357 1621 tuam
368 1586 436 1621 vocasti
446 1585 467 1621 ad
477 1585 535 1628 fidem¹
546 1585 594 1634 quod
608 1599 636 1622 me
650 1586 667 1622 in
677 1587 751 1622 nomine
761 1597 835 1623 ,sanctae

42 1671 44 1674 v
96 1644 189 1680 Trinitatis
203 1643 289 1692 baptizare
302 1644 365 1688 fecisti,
380 1655 397 1680 et
411 1644 459 1692 quod
474 1643 540 1682 mede
554 1646 615 1682 muudi
629 1646 706 1681 vanitate
719 1645 739 1682 ad
755 1646 834 1682 servien-

96 1703 139 1739 dum
153 1701 183 1738 tibi
197 1704 215 1739 in
228 1715 269 1739 vera
282 1704 347 1740 mentis
366 1704 495 1752 tranquillitate
513 1703 534 1740 ad
550 1704 595 1741 hanc
608 1714 686 1741 sanctam
705 1717 723 1740 es
736 1717 833 1753 congrega-

96 1763 163 1799 tionem
181 1775 244 1800 vocare
262 1763 350 1811 dignatus.
365 1764 417 1811 Rogo
433 1774 450 1800 te
467 1777 498 1811 per
516 1776 582 1800 nomen
599 1774 649 1800 tuum
668 1765 834 1809 sanctissimum,o

95 1822 198 1858 dulcissime
212 1823 250 1859 resa
265 1822 351 1859 mediator
365 1823 404 1866 Dei¹
419 1832 437 1859 et
450 1822 555 1868 lrominutu3
569 1836 613 1871 rogo
627 1833 644 1859 te
658 1835 687 1871 per
701 1822 782 1859 dolorem
796 1822 834 1858 vul-

96 1894 157 1917 nerum
171 1891 253 1925 tuorum,
268 1891 284 1918 et
298 1894 328 1928 per
344 1883 429 1919 meritum
445 1882 566 1918 amarissimae
583 1882 669 1930 passionis
687 1892 737 1927 tuae3
756 1894 801 1931 rogo
817 1892 834 1918 te

95 1953 126 1987 per
139 1940 246 1976 sanctissimi
260 1941 350 1988 sanguinis
365 1941 390 1976 tui
400 1940 514 1990 effusionem,
525 1949 542 1975 et
555 1953 586 1989 per
600 1940 755 1977 innocentissimae
770 1942 834 1978 mortis

49 2014 50 2018 ¹
95 2009 135 2036 tuae
144 2000 235 2042 virtutem,
246 1999 322 2037 concede
332 1999 376 2036 mihi
387 2010 500 2048 peccatorum
515 2012 595 2036 meorum
606 2000 686 2037 omnium
697 1999 833 2049 indulgentiam,

95 2058 167 2096 infunde
181 2059 230 2096 cordi
244 2072 284 2097 meo
299 2060 424 2096 ferventissimi
439 2061 506 2096 aratoris
515 2062 545 2096 rui
558 2059 680 2106 dulcedinem,
694 2060 715 2096 da
733 2060 778 2097 mihi
792 2074 832 2097 cum

95 2118 176 2167 profectu
191 2120 272 2156 omnium
285 2120 373 2156 virtutum
392 2120 552 2166 perseverantiam,
566 2129 583 2155 et
597 2121 680 2156 miserere
694 2121 729 2156 mei
743 2133 800 2166 nunc,
816 2129 833 2156 et

95 2179 111 2213 in
126 2178 169 2215 hora
183 2180 246 2215 mortis
260 2192 314 2222 meae,
329 2179 432 2216 custodiens
446 2192 475 2215 nte
487 2178 546 2225 hodie,
558 2189 575 2215 et
588 2180 637 2215 omni
652 2188 732 2227 tempore
748 2180 765 2215 in
779 2180 835 2216 mise-

94 2236 170 2273 ricordia
186 2248 215 2273 tua
230 2238 257 2285 pie
271 2238 309 2274 lesu
324 2237 344 2274 ab
359 2239 409 2275 omni
423 2249 500 2286 peccato,
511 2247 527 2274 et
541 2238 621 2286 periculo
635 2239 704 2283 mentis,
715 2249 731 2274 et
745 2238 831 2287 corporis,

57 2311 59 2314 ’
94 2296 111 2331 iu
126 2296 198 2333 nomine
211 2297 274 2342 Patris,
289 2307 307 2333 et
320 2297 365 2343 Filii,
380 2308 397 2333 et
410 2297 487 2345 Spiritus
501 2297 565 2333 Sancti.
581 2298 644 2334 Amen.

128 2355 173 2399 Quis
187 2366 266 2393 vestrum
280 2367 311 2400 est,
323 2355 390 2399 fratres,
401 2358 431 2404 qui
446 2356 490 2392 lutnc
504 2355 576 2392 brevem
590 2357 695 2400 orationem,
705 2367 734 2392 aut
747 2355 831 2401 similem,

93 2415 107 2450 si
122 2413 183 2451 lrabeat
197 2415 296 2461 meliorem,
311 2415 391 2465 quotidie
405 2416 460 2452 semel
474 2416 533 2452 dicere
547 2418 633 2464 nequeat?
647 2417 708 2465 Neque
726 2417 773 2453 eninr
788 2429 832 2465 pro-

94 2474 128 2510 lixa
142 2485 179 2519 est,
194 2488 250 2523 neque
265 2475 362 2523 peregrinis
380 2475 461 2511 involuta
478 2475 595 2521 dictionibus,
609 2475 638 2512 sed
654 2475 720 2521 brevis,
735 2487 751 2512 et
770 2476 830 2523 plana,

94 2532 155 2577 vitani,
166 2543 183 2568 et
197 2533 296 2581 passionem
307 2534 373 2570 canai
382 2534 444 2571 stricto
454 2534 576 2582 complectens
586 2536 687 2582 epitomate.
701 2535 740 2571 Deo
753 2535 832 2571 nimium

93 2591 171 2640 ingratus
186 2603 211 2628 est
225 2592 279 2628 bomo
294 2592 416 2635 Christianus,
433 2604 449 2629 et
464 2596 541 2630 inarime
555 2593 663 2638 claustralis,
677 2594 705 2642 qui
721 2607 758 2630 non
776 2595 831 2631 semel

93 2650 114 2686 ad
128 2652 186 2687 minus
204 2653 221 2687 in
235 2651 263 2688 die
277 2651 382 2688 Dominicue
396 2652 486 2689 Passionis
504 2653 540 2701 agit
555 2654 671 2699 memoriam,
686 2654 783 2701 gratiarum
802 2653 831 2691 de-
