1968 3023
394 136 470 176 Humilia
482 136 511 176 VI.
671 139 673 143 ⁴
799 147 821 187 39

86 218 179 257 crucianda
197 217 296 268 emigrabit.
315 218 361 257 Cum
379 220 426 256 enim
444 231 494 256 niens
511 228 579 265 nostra,
595 219 636 262 >sive
655 219 714 256 anima
732 219 749 256 in
763 230 823 256 rerum

86 279 167 316 omnium
181 278 289 327 ignorantia,
302 287 319 315 et
332 278 433 326 privatione
446 278 468 315 sit
482 287 544 323 creata,
563 291 635 316 necesse
653 289 685 323 est,
703 289 722 316 ut
740 279 823 316 continua

85 339 160 384 actione,
174 347 232 385 motu,
245 347 262 375 et
276 346 313 374 arte
327 338 344 375 in
358 350 417 374 rerum
426 337 509 374 notitiam
519 338 616 386 perveniat.
626 337 674 375 Finis
684 337 749 387 quippe
761 338 824 374 huma-

86 410 129 434 nuni
143 397 255 435 intellectum
269 406 333 447 aequat
342 396 435 445 hngelico,
445 397 483 434 eius
492 396 591 446 potentiam
606 406 721 433 commutans
730 397 747 433 in
757 406 822 433 actum:

85 455 173 506 facietque
187 457 208 494 de
222 456 322 506 privatione
335 456 422 502 habitum,
437 455 458 493 de
471 469 528 494 vacuo
547 456 627 505 plenum,
636 455 658 494 de
667 456 772 506 imperfecto
785 469 824 505 per·

86 515 158 559 fectum,
173 516 195 553 de
208 516 278 564 privato
291 515 392 560 habentem,
403 516 424 552 de
437 514 532 552 tenebroso
542 514 629 561 lucidum,
639 514 660 552 de
673 526 763 553 nocturno
777 516 824 553 diur-

85 587 134 618 num,
148 574 170 612 de
183 575 241 612 intrari
254 574 336 619 solarem,
350 585 368 612 et
381 575 402 613 de
416 585 486 612 terreno
499 573 599 612 caelestem.
610 575 658 612 Finis
667 575 707 621 iste,
716 574 779 612 fratres
788 575 824 612 mei

87 634 191 678 charissimi,
205 634 268 670 salutis
281 644 361 671 aeternae
374 634 482 683 principium
495 643 528 670 est:
543 633 565 671 ad
579 646 633 683 quem
645 634 707 670 venire
721 646 774 671 nemo
788 633 824 671 foe·

86 693 143 741 liciter
156 692 228 739 sufficit,
237 693 268 743 qui
277 706 313 729 non
323 693 365 730 totis
374 692 441 730 viribus
450 692 471 730 ad
480 696 547 742 apicem
557 692 674 742 perfectionis
682 694 745 731 tendit.
754 694 823 731 Verum

86 765 126 790 curn
140 753 164 789 sit
177 751 249 789 difficile
263 751 280 788 in
294 750 353 789 medio
367 750 459 789 turbarum
470 752 517 789 hunc
526 754 647 790 necessarium
657 752 762 802 proficiendi
772 765 824 790 cona-

86 822 125 849 tum
134 824 205 860 semper
218 810 314 847 infractum
327 820 392 855 tenere,
402 809 432 847 ubi
441 810 489 847 mille
503 810 587 860 peccandi
596 810 704 860 praebentur
713 812 822 857 occasiones,

85 871 141 908 sancti
155 880 213 919 patres
227 869 296 906 ordinis
308 869 404 906 monastici
417 867 520 906 fundatores
533 868 596 913 verbo,
615 880 633 906 et
650 871 732 919 exemplo
745 884 778 909 nos
792 871 823 908 do-

86 938 161 967 cuerunt
174 928 263 965 mundum
277 927 346 976 fugere,
360 937 377 965 et
390 940 426 964 non
439 927 497 964 solum
511 927 578 974 animo,
589 929 621 964 sed
635 929 688 966 etiam
702 941 777 977 corpore
790 929 823 967 fre·

86 989 179 1040 quentiam
192 987 287 1024 declinare.
300 986 326 1023 Ex
339 987 369 1031 eis,
383 987 413 1036 qui
426 986 511 1024 fortiores
524 996 575 1024 erant
588 988 654 1033 animo,
667 988 726 1036 plures
740 988 823 1026 convola-

85 1057 150 1086 verunt
167 1047 189 1084 ad
203 1059 291 1092 eremum,
309 1056 329 1082 ut
347 1055 442 1084 comente
458 1045 520 1083 fierent
532 1047 671 1096 propinquiores
688 1048 775 1095 Domino,
788 1061 823 1098 quo

86 1120 161 1157 corpore
175 1106 247 1155 longius
261 1115 372 1143 recesserunt
383 1119 392 1143 a
403 1105 476 1143 mundo.
486 1106 513 1142 De
522 1104 586 1154 quibus
597 1106 665 1143 dictum
674 1107 735 1144 Esaiae
745 1107 823 1157 Prophe-

86 1176 113 1203 tae
126 1165 216 1213 legimus:
226 1163 317 1201 Exultahit
330 1162 415 1218 solitudo,
426 1173 442 1201 et
451 1163 522 1201 florebit
533 1165 583 1213 quasi
597 1164 662 1211 lilium,
673 1166 775 1214 germinans
784 1180 824 1216 ger·

85 1224 166 1268 minabit,
177 1233 193 1261 et
204 1222 290 1261 exultabit
303 1220 414 1269 laetabunda,
423 1234 439 1260 et
448 1221 526 1260 laudans.
540 1223 577 1260 Alii
585 1236 629 1261 vero
638 1226 730 1272 cupientes
740 1225 824 1274 prodesse

86 1284 146 1321 multis
161 1283 277 1320 instituerunt
290 1281 381 1328 coenobia,
391 1281 481 1331 inquibus
494 1281 630 1320 multitudinem
643 1283 753 1321 collocarunt
762 1297 825 1322 mona-

87 1343 168 1386 chorum,
182 1353 260 1390 quorum
274 1341 385 1388 conservatio
399 1350 492 1389 segregata
505 1350 552 1378 esset
565 1354 575 1377 a
588 1341 665 1390 populis,
678 1352 695 1378 et
707 1342 824 1381 nihilominus

86 1400 119 1437 sibi
132 1410 197 1437 mutuo
210 1399 261 1436 fieret
270 1399 346 1436 socialis.
355 1400 397 1437 Non
406 1400 454 1436 enim
464 1399 546 1437 omnibus
557 1402 641 1438 convenit
650 1401 712 1438 sedere
726 1402 744 1440 in
757 1415 824 1450 eremo,

86 1460 151 1510 quibus
161 1461 179 1496 in
188 1459 249 1496 medio
265 1460 341 1495 fratrum
354 1459 411 1507 magis
422 1459 504 1507 congruit
512 1459 594 1496 Domino
603 1460 687 1511 militare.
695 1461 742 1498 Nam
756 1472 773 1499 et
786 1475 824 1499 mo-

86 1520 164 1557 nasteria
177 1528 238 1556 nostra
252 1518 367 1555 solitudinem
380 1518 445 1555 habent
458 1531 514 1562 suam,
524 1530 544 1556 ut
553 1519 584 1568 qni
593 1519 671 1557 voluerit
680 1533 720 1557 esse
728 1520 824 1568 solitarius,

86 1579 143 1628 possit
156 1580 174 1615 in
188 1578 248 1615 medio
262 1576 344 1624 fratrum,
355 1578 397 1614 dum
411 1578 471 1624 cellae,
482 1579 543 1628 inqua
557 1590 644 1623 moratur,
655 1581 785 1618 continuaverit
798 1594 824 1618 se-

87 1648 161 1676 cretum.
169 1638 268 1674 Monachus
276 1638 324 1674 enim
331 1637 428 1675 secundum
437 1638 516 1675 nominis
524 1639 552 1675 sui
561 1639 729 1687 interpretationem
736 1640 824 1678 solitarius

86 1698 162 1735 dicitur:
174 1706 270 1745 propterea
283 1695 331 1746 quod
344 1706 409 1741 mente,
422 1707 438 1734 et
452 1709 526 1746 corpore
540 1711 550 1734 a
564 1698 644 1734 tumultu
657 1698 709 1735 huius
722 1699 785 1736 inundi
798 1713 825 1737 se-

86 1766 177 1806 gregatur.
190 1755 242 1792 Unde
260 1767 362 1792 sermonem
379 1755 486 1792 hodiernum
499 1755 578 1793 facturus
596 1756 618 1792 ad
636 1756 731 1795 charitates
744 1768 823 1805 vestras,

86 1828 152 1853 moneo
166 1828 199 1852 vos
213 1824 287 1863 paterna
300 1814 426 1861 sollicitudine,
436 1826 453 1852 et
465 1827 516 1863 rogo,
525 1828 548 1851 ne
562 1817 628 1852 trustra
641 1817 746 1853 tantundem
760 1817 825 1855 fuerim

86 1875 167 1912 loeutus:
182 1876 212 1923 qui
226 1873 270 1910 nihil
284 1872 331 1910 aliud
341 1886 414 1922 quaero,
424 1875 459 1910 nisi
468 1884 547 1911 vestrum
557 1873 636 1912 bonum:
646 1875 691 1921 nihil
700 1877 757 1924 magis
766 1878 824 1926 cupio,

86 1946 139 1983 quam
148 1943 229 1970 vestrum
239 1932 353 1981 inspirituali
367 1934 501 1970 conversatione
514 1932 623 1981 profectum.
635 1935 694 1983 Rogo,
704 1936 777 1984 inquam
786 1949 823 1981 VOS,

87 2005 104 2032 et
117 1995 182 2031 hortor
195 1994 213 2030 in
226 1992 324 2030 visceribus
337 1992 425 2030 fraternae
438 1994 532 2036 charitatis,
547 2003 567 2029 ut
581 1993 635 2030 cellae
649 1995 727 2043 quietern
741 1995 823 2044 diligatis,

86 2065 171 2103 tanquam
185 2053 247 2090 salutis
260 2063 330 2089 vestrae
344 2052 443 2099 officinam,
460 2053 478 2088 ln
493 2065 527 2101 qua
544 2065 579 2101 pax
597 2063 623 2089 est
636 2053 694 2090 multa
710 2053 824 2103 diligentibus

86 2114 151 2156 Deum,
162 2121 179 2149 et
188 2125 254 2161 magna
268 2112 386 2149 comnmditas
399 2110 501 2160 perficiendi
514 2111 535 2148 ad
549 2112 674 2159 cognitionem
687 2125 768 2150 summae
777 2115 824 2150 veri·

86 2173 126 2209 tatis
139 2171 258 2208 intellectum.
272 2171 320 2208 Dicit
334 2171 381 2207 enim
394 2170 480 2219 propheta
493 2170 561 2207 Esaias:
579 2171 599 2207 ln
613 2171 695 2218 silentio,
713 2181 730 2209 et
746 2185 777 2220 spe
791 2174 824 2210 erit

87 2232 175 2270 fortitudo
190 2243 255 2269 vestra.
269 2231 307 2275 Qui
319 2243 356 2268 non
368 2241 415 2268 amat
428 2230 544 2267 solitudinem
558 2230 619 2277 cellae,
632 2240 648 2268 et
662 2232 740 2281 quietem
753 2232 824 2278 silentii¹

87 2294 152 2330 mentis
166 2294 263 2342 puritatem
276 2305 389 2342 nequaquam
403 2291 467 2340 diligit:
480 2291 512 2328 sed
521 2303 597 2340 corpore
612 2304 674 2340 vagus,
684 2304 740 2329 novas
753 2305 824 2342 semper

87 2354 148 2390 animo
162 2353 251 2390 vanitates
265 2352 330 2390 haurit.
343 2352 390 2389 Hinc
404 2351 454 2388 divus
466 2350 590 2399 Hieronymus
604 2352 635 2389 ait:
645 2351 695 2395 Quid
704 2351 824 2390 desideramus

88 2411 160 2450 urbium
174 2411 301 2461 frequentiam,
310 2412 340 2461 qui
349 2410 370 2448 de
379 2410 501 2460 singularitate
510 2411 616 2448 censemur?
625 2410 671 2447 Mihi
681 2412 728 2448 enim
738 2413 824 2462 oppidum

87 2486 148 2511 carcer
162 2482 195 2519 est,
210 2472 290 2509 solitudo
303 2471 400 2521 paradisus.
413 2472 430 2509 Si
443 2485 481 2516 nos,
491 2471 560 2517 fratres,
570 2484 641 2508 eremus
655 2471 758 2518 delectaret,
768 2486 788 2510 ac
797 2486 825 2511 so-

88 2532 155 2579 litudo,
169 2544 253 2581 magnam
266 2532 316 2569 locus
330 2532 363 2568 iste
376 2532 468 2580 proposito
483 2541 546 2569 nostro
560 2531 709 2569 commoditatem
721 2541 825 2581 praestaret,

90 2592 120 2631 ubi
137 2602 208 2642 praeter
220 2603 307 2642 pauperes
324 2591 429 2639 rusticanos,
446 2591 510 2641 hospes
531 2603 580 2629 rarus
594 2592 683 2640 occurrit,
698 2604 752 2630 nemo
767 2592 826 2631 turbat

87 2654 166 2707 quietem
175 2663 262 2698 nostram,
269 2664 323 2690 nemo
331 2651 422 2701 molestat,
430 2665 483 2691 nemo
491 2652 631 2702 spectacula,vel
638 2665 720 2691 rumores
729 2653 826 2692 introducit

870 349 929 376 Solitudo

843 384 877 410 unde
894 384 930 411 indu-

843 426 867 446 cra.

852 1951 930 1978 Adhorraiio

843 1987 864 2027 adv
872 1994 930 2028 autorem

843 2028 894 2055 qnietis-

843 2188 872 2215 Esa.
882 2195 898 2222 3⁰
