1968 3023
308 136 358 178 Liber
371 137 457 179 Patrium
468 136 536 179 Ioaanis
553 137 633 181 Tarmia
802 140 836 190 265

105 230 147 265 stra,
163 221 208 257 sicut
221 217 293 270 apparet
308 222 326 257 iu
340 222 372 268 eis,
385 223 415 270 qui
429 222 446 257 in
460 216 522 258 multis
536 222 585 259 aunis
602 223 650 259 nulla
663 222 796 261 celebraverunt
809 236 837 260 ca-

105 280 166 330 pitula.
176 281 278 329 Capitulum
288 282 336 318 euim
345 290 371 317 est
380 282 493 318 conservatio
504 280 579 326 ordiniS,
590 282 721 319 incrementum
734 283 838 332 disciplinae
851 279 853 282 ¹
879 290 945 326 Capitate·

86 339 202 389 rregularis,
217 340 301 377 adunatio
316 340 395 378 unitatis.
409 342 429 378 ln
443 354 464 378 eo
477 353 558 389 namque.
572 340 651 378 moribus
670 341 721 378 datur
738 341 835 391 integritas,
857 326 945 396 ἱᾚῑοᾮὲὶζ

105 399 193 448 mentibus
207 411 282 448 augetur
295 402 369 448 puritas
384 401 431 437 vitae
447 399 534 449 regularis
551 401 660 438 instauratur
676 401 783 451 aequalitas:
802 402 836 439 Sed
857 395 944 457 {Qarqu-

104 458 144 496 audi
153 459 204 505 illud,
215 460 263 509 quod
276 461 378 509 requiritur,
388 471 408 497 ut
417 460 450 512 rite
464 458 571 498 celebretur:
581 460 627 504 audi,
638 460 680 509 quid
690 460 785 499 celebratio
799 462 836 498 eius

104 519 172 555 sincera
182 519 288 565 expostulet.
299 519 379 568 Requirit
389 532 432 569 ergo
446 519 511 563 aelmn,
521 519 596 569 requirit
605 520 704 564 scientiam,
713 521 787 569 requirit
801 521 836 568 pie-

104 587 168 615 tatem:
182 578 220 614 sine
234 577 261 614 his
270 576 327 614 tribus
336 578 381 615 nihil
389 578 437 615 valet
450 578 546 616 celebratio
556 578 634 626 capituli.
643 578 690 615 Nam
703 580 718 616 si
728 578 772 615 desit
782 578 836 626 zelus,
858 593 869 611 1-
878 583 913 610 'sira
922 593 935 617 a·

104 638 143 687 quis
156 637 240 686 corripiet
252 636 386 686 delinquentes?
396 638 410 674 si
420 636 465 674 desit
478 638 558 683 scientia,
568 650 621 686 quern
635 638 713 675 fructum
728 638 798 676 eusebia
807 652 836 688 pa·
953 629 955 632 ι

104 698 137 734 riet
145 698 205 734 alania.
215 697 293 735 Rursum
304 698 318 733 si
328 697 373 733 desit
382 698 444 745 pietas,
453 710 486 734 nec
495 697 544 734 zelus
554 709 634 734 amorem
644 698 711 746 recipit,
721 710 754 734 uec
763 699 837 736 scientia

105 756 226 805 disciplinam:
240 758 268 794 Ad
282 757 342 793 omnia
356 757 404 793 euim
414 756 469 805 pietas
483 756 540 794 valet:
554 756 605 793 Zelus
619 758 672 801 acuit,
682 758 757 794 scientia
770 758 837 806 dirigit,

104 815 182 852 fructum
195 816 251 863 pietas
264 814 357 864 producit:
372 815 413 851 Sine
427 814 465 851 zelo
474 815 552 857 ,scientia
566 826 625 852 manet
639 815 710 864 frigida,
720 817 759 853 sine
771 818 836 865 pietate

105 874 221 912 infructuosa.
235 867 341 912 Iretnzelus
357 875 395 911 sine
408 874 482 910 scientia
499 875 533 911 erit
550 875 623 920 nimius,
638 884 655 911 et
672 875 784 920 indiscretus,
798 877 836 912 siue

104 935 169 984 pietate
181 934 263 972 odiosus:
273 934 307 970 Sed
316 935 371 982 pietas
381 933 402 970 ad
412 934 472 970 omnia
482 933 534 979 valet,
544 934 625 983 quamvis
634 934 671 970 sine
681 934 725 980 zelo,
735 944 753 971 et
762 936 835 973 scientia

103 993 125 1031 ad
138 996 237 1031 animarum
250 994 331 1042 regimen
344 1006 380 1030 nou
393 991 474 1029 sufficiat.
488 991 547 1029 Placet
561 993 609 1029 euim
623 993 698 1039 cunctis,
708 994 751 1036 solis
764 994 837 1043 proficit
869 1004 944 1046 Paestum

104 1064 173 1091 semota
182 1052 285 1098 humil-ibuS,
294 1052 369 1089 Suur'rna
378 1053 432 1101 igitur
442 1051 542 1088 celebrandi
553 1051 625 1099 capituli
634 1055 651 1089 iu
661 1052 779 1101 dispositione
787 1066 836 1102 prae·
856 1039 944 1105 ζζῖοςζζρ“ᾗᾞ’

101 1113 197 1151 sidentium
211 1112 299 1158 consistit;
313 1124 357 1160 quae
370 1113 419 1148 viros
433 1111 507 1154 zelosos
522 1110 592 1156 doctos>
605 1120 622 1146 et
635 1121 737 1148 mansuetos
751 1112 834 1161 requirit:
855 1115 943 1169 ζξξξοῗῃέἓξε

104 1175 156 1219 Nam,
170 1174 185 1209 si
200 1172 275 1215 remissi,
289 1172 304 1207 si
319 1172 404 1219 imperiti,
418 1171 433 1206 si
450 1169 536 1214 crudeles,
551 1181 568 1207 et
585 1170 635 1219 impii
649 1169 724 1215 fuerint;
743 1171 835 1220 quomodo
856 1178 907 1204 debere»

104 1245 146 1269 tunc
160 1232 181 1268 ad
195 1231 279 1279 pietatem
293 1229 337 1267 alios
351 1228 480 1267 reformabunt.
495 1229 513 1265 Si
527 1230 547 1275 is,
561 1229 591 1278 qui
604 1229 654 1266 sedet
671 1230 744 1267 crimina
757 1230 835 1268 vindica·
917 1220 919 1223 v

63 1313 64 1317 =
105 1304 160 1335 uuus,
171 1290 254 1336 admittit,
263 1302 308 1338 quos
317 1290 344 1325 sui
354 1289 421 1326 similes
431 1287 544 1325 emendabit?
554 1288 583 1324 nd
591 1301 623 1325 vos
635 1290 705 1338 itaque;
715 1290 783 1336 Patres,
793 1291 836 1327 haec
872 1328 873 1331 ,

106 1350 157 1399 culpa
170 1348 261 1395 referenda
275 1358 310 1394 est3
325 1349 339 1385 si
353 1346 430 1385 Abbates
444 1344 560 1393 deformatos,
575 1357 592 1383 et
607 1348 683 1385 vitiosos
701 1348 722 1385 ad
735 1350 836 1397 praesiden-
884 1361 886 1363 ·

102 1411 146 1446 tiam
160 1408 248 1458 eligeretis
253 1423 258 1454 3
272 1407 350 1443 Maxilua
363 1407 418 1455 igitur
431 1406 552 1443 sollicitudine
566 1416 632 1453 curate,
644 1418 663 1442 ur
676 1407 720 1444 tales
734 1408 755 1444 ad
768 1409 834 1457 praesi-
867 1419 943 1446 anaunen-

72 1503 74 1507 ,
103 1468 180 1505 dendum
191 1467 267 1515 capitulo
277 1466 372 1515 deputetis,
382 1479 426 1515 quos
439 1466 598 1514 irreprehensibilis
606 1468 642 1503 vita
652 1466 771 1504 commendet.
783 1467 834 1504 Zelus
847 1454 895 1524 {3355
900 1454 924 1514 “01⁵¹
927 1463 943 1514 ἐξ

103 1536 174 1564 sauctae
193 1526 285 1575 religionis
305 1535 387 1570 exacuet,
408 1524 485 1562 eruditio
506 1526 589 1562 scientiae
609 1526 690 1562 salutaris
710 1527 834 1575 distemperet:
856 1524 907 1550 blm·

105 1587 183 1635 Oportet
197 1587 252 1632 euim,
265 1586 397 1634 praesidentem
412 1584 495 1632 aliorum,
509 1586 567 1622 tirum
585 1598 623 1622 esse
641 1584 720 1634 moribus
738 1587 835 1635 integrum,

105 1641 243 1683 conversatione
250 1654 345 1688 maturum,
353 1645 392 1681 zelo
402 1644 496 1688 fervidum,
504 1645 578 1682 scientia
587 1645 715 1694 scripturatum
722 1645 836 1692 instructum3

91 1699 240 1743 'marsiaerudine
253 1704 349 1741 decorum:
363 1704 392 1740 hic
405 1703 445 1740 talis
458 1704 516 1750 nobis,
530 1718 540 1740 o
554 1705 622 1749 Patres,
632 1705 697 1742 merito
711 1704 835 1753 praeferendus

105 1775 137 1812 est,
153 1767 202 1802 cuius
216 1766 253 1801 vita
266 1764 375 1813 exemplum,
390 1764 470 1801 doctrina
483 1764 554 1800 virtutis
568 1763 650 1813 praebeat
665 1765 806 1802 incrementum:
821 1767 836 1801 si

104 1824 147 1862 tales
168 1824 233 1861 fuerint
250 1824 372 1860 Praesideutes
390 1822 462 1872 capituli
480 1823 501 1859 acl
521 1822 642 1860 obedientiam
659 1823 710 1860 facile
729 1823 835 1861 reducentur

104 1884 161 1921 eidem
175 1883 260 1921 subiecti:
275 1883 331 1919 Erunt
344 1883 392 1919 euim
401 1882 424 1918 ad
432 1882 569 1930 praesidendum
583 1883 649 1926 idonei,
658 1884 690 1932 qui
697 1882 753 1920 verbo
767 1884 835 1932 possint

100 1945 192 1981 ‘instruere
206 1943 279 1988 dociles,
293 1942 374 1990 exemplo
391 1940 450 1985 rudes,
464 1942 570 1979 auctoritate
588 1952 708 1980 contumaces.
721 1943 754 1979 His
769 1943 835 1980 etenim

84 1996 85 2000 Ἰ
104 2003 162 2040 modis
176 2003 209 2039 rite
223 2001 340 2039 celebrabitur
354 2001 453 2050 capiralus3
467 2001 536 2038 animae
546 2015 617 2051 quoque
626 2000 764 2039 aedificabuntur
777 2001 835 2039 subdi-

103 2063 168 2100 torum.
182 2062 260 2108 Caetera,
274 2074 318 2110 quae
332 2061 452 2110 praesidentes
466 2060 540 2098 reddant
553 2060 677 2108 idoneos‚l1ac
690 2063 728 2099 vice
741 2062 786 2099 tnihi
799 2076 835 2099 non

103 2122 145 2158 licet
159 2120 265 2168 describere,
279 2122 364 2169 quoniam
379 2121 440 2169 quales
454 2134 492 2158 esse
506 2131 593 2169 oporteat,
607 2122 698 2158 neminem
712 2135 732 2158 ex
746 2123 770 2158 eis
782 2122 835 2159 credo
862 2157 864 2160 ,

102 2182 190 2230 ignorare.
204 2181 231 2217 Ad
245 2193 277 2217 vos
290 2181 371 2229 igitur‚o
384 2180 451 2224 Patres
461 2180 519 2217 denuo
534 2191 635 2228 convertor,
644 2183 674 2230 qui
683 2194 716 2230 pro
730 2181 834 2218 celebrando

107 2241 184 2290 capitulo
198 2241 216 2277 in
229 2240 276 2277 hunc
293 2241 354 2277 locum
372 2241 489 2277 convenistis:
503 2253 536 2276 vos
553 2240 646 2289 alloquor:
661 2254 693 2278 vos
710 2241 801 2286 exhortor,
816 2251 835 2277 nt

102 2302 222 2338 intentionem
235 2310 312 2337 vestram
325 2299 347 2336 ad
360 2300 507 2336 instaurationem
525 2299 592 2336 ordinis
610 2300 700 2348 dirigatis3
715 2309 732 2337 et
745 2313 799 2349 quare
812 2301 835 2336 sit

107 2361 208 2397 institutum
223 2360 326 2410 capitulum,
341 2359 416 2396 sollicita
430 2370 489 2396 mente
499 2360 588 2408 cogitetis.
596 2360 656 2397 Vultis
668 2372 728 2405 nosse,
738 2373 791 2408 quare
800 2360 835 2395 siut

103 2421 184 2457 instituta
197 2420 285 2469 capitula?
299 2420 375 2456 Decreta
388 2431 501 2455 srmrruorum
515 2419 622 2467 pontificum
636 2420 727 2467 requirire,
737 2428 754 2455 et
764 2431 835 2455 causam

104 2481 221 2518 institutionis
235 2492 298 2517 eorum
313 2481 431 2529 cognoscetis.
441 2479 517 2524 Verum,
531 2492 553 2516 ue
568 2489 597 2515 aut
610 2479 688 2528 pigritia,
698 2490 727 2515 aut
741 2479 834 2527 occupatio

105 2539 216 2577 intellectum
234 2540 286 2577 liuius
303 2541 329 2576 rei
346 2538 453 2587 praepediat,
469 2551 539 2575 causam
557 2540 651 2576 erectionis
669 2537 742 2587 capituli
758 2537 836 2574 breviter
884 2557 943 2591 Capram

103 2599 206 2648 explicabo:
221 2600 278 2637 Causa
292 2613 335 2649 ergo
352 2599 466 2647 provincialis
485 2599 557 2648 capituli
576 2599 688 2636 conservatio
706 2609 731 2636 est
749 2597 835 2645 regularis
856 2591 943 2626 religioso-

855 2635 884 2652 runt
894 2635 916 2653 tur
924 2635 943 2653 ln·

58 2666 60 2669 ⁴
102 2664 184 2701 instituti.
198 2660 284 2698 Videntes
298 2661 346 2697 enim
359 2660 436 2698 Romani
448 2659 550 2708 Pontifices,
564 2670 580 2698 et
593 2654 703 2710 generalium
718 2659 835 2696 conciliorum
856 2661 905 2689 sauata.
