1968 3023
169 175 200 199 rrz
341 166 367 203 De
379 166 520 215 quadragesimati
532 166 591 205 ieirtaiu
605 167 726 204 raonacaoaaa.

164 247 249 290 nentium,
264 256 282 283 ut
296 249 418 297 urausquisque
432 261 485 297 super
498 261 598 285 mensuram
608 247 641 285 sibi
650 248 736 285 indictam
750 248 816 298 aliquid
829 250 900 298 propria

164 306 256 344 voluntate
270 320 310 344 cuna
324 307 389 357 gaudio
403 308 459 345 sancti
473 308 545 357 spiritus
559 307 621 345 offerat
630 309 675 354 Deo,
685 307 703 344 id
717 318 743 345 est
757 308 848 346 subtrahat
862 322 899 346 cor-

165 366 203 413 pori
218 379 251 404 suo
270 366 290 404 de
304 366 349 414 cibo,
363 368 383 404 de
401 377 451 416 potu,
466 367 487 404 de
503 380 573 414 somno,
587 367 608 405 de
624 367 736 416 loquacitate,
751 368 772 405 de
789 369 899 413 scurrilitate,

164 434 181 461 et
195 438 236 461 cum
250 426 332 475 spiritalis
342 426 424 463 desiderii
434 427 499 475 gaudio
509 437 588 464 sanctum
603 425 666 475 pascha
680 436 768 475 expectet.
778 428 842 464 Parum
851 428 898 465 enim

165 484 259 534 religiosus
273 486 312 523 aliis
325 484 435 535 temporibus
449 499 488 523 esse
502 486 599 523 monachus
613 486 731 533 convincitur,
741 487 771 535 qui
785 487 849 524 sanctis
863 486 899 524 die-

164 542 197 580 bus
210 544 249 581 istis
263 557 299 582 uon
312 544 420 593 religiosior,
434 555 450 581 et
460 545 478 582 in
488 546 521 582 Dei
534 557 594 581 amore
608 545 710 589 ferventior,
721 545 838 595 devotiorque
851 546 899 582 inve-

164 605 217 640 nitur.
232 604 278 640 Hinc
291 604 346 641 Divus
360 606 407 653 Papa
421 604 520 653 Gregorius
534 605 558 641 ait
572 605 589 640 in
602 603 677 654 quadam
691 604 782 643 Homilia:
796 605 899 654 Quadrage·

164 663 209 699 sima
223 676 294 700 summa
309 662 434 701 observatione
452 674 479 701 est
494 662 613 708 observanda,
627 676 646 700 ut
662 664 751 701 ieiunium
766 665 783 701 ia
797 677 817 701 ea
830 674 899 712 praeter

164 721 202 759 dies
216 723 327 767 Dominicos,
342 723 372 772 qui
385 722 405 759 de
420 722 526 760 abstinentia
539 723 622 761 subtracti
632 733 681 769 sunt,
691 723 726 760 nisi
739 736 793 772 quem
806 723 899 760 infirmitas

164 782 271 830 impedierit,
282 782 381 820 nullatenus
397 782 484 829 solvatur,
498 783 539 832 quia
552 783 585 831 ipsi
599 782 635 819 dies
649 783 728 820 decimae
742 794 784 819 sunt
798 784 843 827 anni,
856 796 898 833 quas

164 841 228 879 offerre
242 843 322 880 Domino
331 841 419 879 iubemur.
430 843 505 880 Sanctus
515 855 585 892 quoque
597 841 704 880 Ambrosius
718 843 766 880 dicit.
781 843 812 880 llle
825 842 898 892 quadra-

163 903 252 950 gesimam
262 902 307 946 facit,
318 903 348 951 qui
358 902 461 948 ieiunando,
471 913 488 939 et
497 901 586 951 vigilando
596 902 673 939 ascendit
682 901 704 939 ad
713 902 784 951 pascha.
798 903 844 940 Nam
854 902 899 939 sicut

164 962 233 1011 reliquo
247 971 328 1010 tempore
342 962 382 998 anni
396 962 475 999 ieiunare
489 963 588 1010 praemium
601 971 633 1009 est,
647 963 670 999 ita
683 963 702 998 in
715 961 850 1012 quadragesima
863 975 899 999 nou

165 1022 243 1058 ieiunare
252 1032 349 1070 peccatum.
363 1021 395 1058 Illa
408 1023 456 1058 enim
469 1021 570 1059 voluntaria
581 1031 621 1059 sunt
630 1021 700 1065 ieiunia,
715 1032 732 1058 et
746 1023 779 1059 ista
792 1022 897 1059 necessaria:

165 1079 193 1117 illa
207 1080 228 1117 de
241 1079 313 1118 arbitrio
327 1082 411 1126 veniunt,
426 1081 460 1117 ista
477 1094 519 1118 vero
533 1081 554 1118 de
569 1080 613 1129 lege.
627 1080 818 1124 suthalaitarum,
832 1081 854 1118 ad
866 1082 899 1118 ista

164 1139 295 1187 compellimur.
309 1140 330 1176 Et
343 1152 386 1188 ergo
400 1141 430 1188 qui
445 1141 562 1177 constitutum
575 1152 669 1177 nurnerum
683 1152 718 1177 una
731 1139 759 1177 die
775 1139 897 1177 manducando

165 1199 256 1247 praeterit,
265 1211 302 1235 non
315 1208 334 1235 ut
347 1198 425 1235 violator
439 1198 491 1235 unius
505 1198 539 1235 diei
553 1208 650 1245 accusatur,
660 1198 691 1235 sed
705 1208 724 1235 ut
738 1208 858 1248 transgressor
871 1208 897 1236 to-

164 1259 199 1295 tius
213 1258 358 1307 quadragesimae
371 1259 458 1306 arguitur.
476 1257 588 1296 Refrenanda
601 1269 641 1295 sunt
655 1259 682 1295 his
695 1259 750 1295 sacris
764 1258 825 1296 diebus
839 1259 898 1296 onmia

164 1316 251 1354 desideria
265 1318 327 1363 carnis,
337 1317 461 1366 castigandum
475 1327 502 1354 est
515 1330 546 1365 per
554 1316 677 1354 abstinentiam
692 1330 764 1366 corpus,
778 1327 797 1355 ut
810 1318 825 1354 si
839 1317 898 1355 forsan

164 1376 202 1414 aliis
216 1376 327 1425 temporibus
341 1378 400 1413 minus
414 1385 512 1425 temperate
525 1377 609 1422 viximus,
620 1376 654 1412 hot
668 1375 817 1426 quadragesimali
831 1377 897 1414 ieiunio

163 1446 254 1485 utcunque
270 1448 437 1485 recompensemus:
453 1436 552 1485 Sequamur
570 1449 612 1486 ergo
630 1438 700 1474 uronita
717 1437 825 1473 sanctissimi
842 1437 898 1474 Patris

163 1497 220 1535 nostri
232 1495 327 1540 Benedicti,
338 1496 400 1533 fratres
415 1497 522 1542 charissimi,
535 1507 551 1533 et
564 1506 628 1546 quanta
641 1508 738 1544 possumus
752 1510 786 1534 nos
799 1496 896 1540 sedulitate,

163 1557 181 1592 in
195 1554 356 1604 sanetisoperibus
367 1556 493 1601 exercitemus,
506 1554 629 1592 subtrahentes
639 1555 709 1603 corpori
719 1564 782 1593 nostro
792 1555 857 1603 aliquid
865 1567 897 1604 pro

163 1616 197 1652 Dei
211 1628 278 1661 amore,
292 1615 312 1652 de
327 1613 371 1658 cibo,
386 1625 403 1651 et
417 1623 461 1664 potu
475 1614 562 1664 quotidie,
577 1625 663 1663 quatenus
677 1626 729 1651 veros
743 1627 776 1651 nos
789 1615 824 1651 Dei
837 1627 897 1651 servos

163 1673 306 1722 comprobemus.
319 1674 455 1722 Consequenter
469 1683 530 1710 autem
543 1682 612 1710 sanctus
626 1674 718 1710 institutor
732 1681 794 1710 noster
807 1672 897 1723 subiungit

163 1733 235 1771 dicens:
251 1734 289 1770 Hoc
302 1735 360 1783 ipsum
374 1743 441 1779 tamen,
451 1732 499 1781 quod
509 1733 630 1782 unusquisque
643 1732 702 1777 offert,
716 1731 773 1768 abbati
787 1746 819 1769 suo
833 1746 896 1781 sugge-

163 1804 199 1838 rat,
214 1803 284 1830 etcum
298 1794 335 1831 eius
348 1792 378 1830 fiat
391 1794 484 1839 oratione,
500 1803 516 1828 et
532 1792 631 1835 voluntate,
646 1792 697 1841 quia,
711 1790 760 1841 quod
773 1793 811 1829 sine
825 1792 897 1840 permis-

163 1854 213 1891 sione
227 1854 280 1901 patris
294 1853 377 1902 spiritalis
391 1853 422 1900 fit,
437 1853 578 1901 praesumptioni
592 1851 714 1901 deputabitur,
729 1861 746 1889 et
759 1865 814 1889 vanae
829 1852 897 1901 gloriae

163 1926 200 1949 non
213 1912 296 1949 mercedi.
314 1912 361 1960 Ergo
375 1924 416 1948 cum
429 1911 521 1949 voluntate
535 1910 599 1948 abbatis
614 1913 673 1958 onmia
687 1921 728 1949 sunt
742 1911 815 1959 agenda.
832 1913 897 1959 Aperta

163 1981 204 2007 sunt
217 1970 270 2007 verba
284 1971 339 2008 sancti
352 1970 460 2020 legislatoris
470 1971 533 2016 nostri,
542 1969 610 2016 fratres,
620 1983 642 2007 ne
656 1970 696 2019 quis
710 1969 731 2007 ad
745 1969 855 2019 ignorantiae
868 1982 897 2005 ve-

163 2030 222 2066 lamen
236 2039 296 2079 posset
310 2029 373 2067 habere
386 2043 485 2070 recursum.
499 2031 546 2067 Nam
564 2030 578 2066 si
595 2030 655 2067 onmia
669 2042 710 2065 cum
724 2029 817 2066 voluntate
830 2028 897 2065 abbatis

162 2091 231 2139 agenda
248 2098 297 2133 sunt,
311 2103 353 2138 ergo
371 2090 408 2126 sine
422 2091 540 2139 permissione
554 2090 591 2126 eius
604 2089 648 2126 nihil
661 2089 736 2126 omnino
751 2097 777 2125 est
789 2088 896 2126 faciendum.

163 2149 258 2186 Enimuero
272 2158 337 2197 quanto
350 2147 417 2186 bonum
431 2148 503 2197 aliquod
517 2161 561 2196 opus
575 2161 584 2184 a
597 2146 676 2196 pluribus
690 2147 785 2184 decoratur
794 2146 895 2193 uirtutibus,

162 2218 213 2245 tanto
227 2209 299 2246 madoris
313 2207 359 2257 apud
372 2209 430 2245 Deum
442 2221 481 2245 esse
490 2208 549 2244 meriti
558 2220 594 2245 non
604 2208 636 2244 erit
646 2206 770 2244 dubitandum.
784 2207 830 2244 Cum
845 2207 897 2256 igitur

163 2268 262 2306 monachus
276 2268 297 2305 de
310 2268 389 2311 licentia,
404 2278 422 2304 et
439 2267 562 2305 benedictione
576 2268 602 2304 sui
616 2265 683 2303 abbatis
701 2266 773 2314 corpori
786 2279 818 2302 suo
832 2265 896 2315 aliquid

163 2328 249 2372 ciborum,
263 2338 292 2364 aut
306 2336 358 2376 potus
372 2338 404 2375 pro
418 2328 453 2363 Dei
466 2339 527 2364 amore
536 2325 629 2372 subtrahit,
640 2324 745 2363 non'solam
759 2324 779 2362 de
793 2324 897 2362 abstinentia

163 2389 200 2437 ipsa
213 2386 314 2424 mercedem
329 2387 436 2435 promissam
446 2400 455 2422 a
465 2386 544 2424 Domino
554 2397 657 2434 recepturus
672 2395 698 2422 est
711 2385 797 2421 satietatis
807 2393 895 2430 aeternae,

162 2448 193 2484 sed
207 2448 259 2484 etiam
273 2460 305 2495 pro
319 2447 418 2483 humilitate
432 2459 519 2495 regnum,
534 2457 550 2483 et
566 2459 598 2494 pro
615 2455 686 2482 sanctae
705 2444 816 2481 obedientiae
831 2444 895 2481 merito

163 2517 266 2544 sanctorum
279 2507 360 2543 omnium
373 2507 390 2542 in
405 2506 454 2543 caelo
469 2516 587 2554 consequetur
600 2506 637 2542 sine
651 2504 686 2540 hne
700 2505 818 2541 consortium.
834 2503 896 2540 Mona-

164 2565 207 2602 chus
221 2567 274 2612 enim,
288 2567 317 2614 qai
331 2575 383 2613 caput
396 2578 450 2601 suarna
464 2566 567 2602 monasticis
580 2561 723 2601 institutionibus
737 2562 793 2599 semel
807 2562 896 2610 professus

163 2624 246 2671 subdidit,
256 2625 366 2661 voluntatem
380 2637 431 2660 saarn
446 2624 518 2661 Christo
532 2624 549 2660 in
563 2622 643 2660 rnaaibus
652 2621 719 2659 abbatis
729 2622 832 2670 resignavit,
843 2633 895 2670 quam

163 2684 177 2719 si
191 2682 262 2720 arbitrio
276 2684 358 2731 deinceps
371 2685 436 2720 iterum
446 2696 479 2719 suo
492 2682 609 2731 usurpaverit,
624 2681 717 2718 Christum
732 2682 767 2718 iarn
781 2680 856 2729 turpiter
869 2678 896 2717 ab·
