1968 3023
147 168 170 195 zo
330 161 378 208 Quae
391 163 411 200 sit
424 171 512 202 aratrorum
525 165 593 203 militiae
605 167 703 217 spiritualis.

149 240 255 289 Cogitemus
268 253 317 289 ergo,
331 242 399 291 fratres,
409 257 462 294 quant
474 247 573 284 necessaria
586 247 608 283 sit
621 246 673 284 nobis
682 247 726 285 fides
735 260 766 296 per
776 248 881 285 charitatem

149 299 225 338 formata
238 301 260 339 ad
273 302 354 347 salutem,
368 304 406 341 sine
419 317 458 354 qua,
472 307 490 342 in
503 307 535 342 hac
551 307 614 343 militia
630 306 681 344 nobis
693 307 812 354 certantibus,
825 301 883 356 neque

148 361 224 398 uictoria
233 362 342 408 conceditur,
352 377 410 413 neque
421 364 526 403 confidentia
535 377 640 405 reservatur.
650 366 700 403 Fides
710 367 756 404 enim
767 376 794 404 est
803 376 881 412 scutum,
895 397 897 399 ,

149 420 166 458 in
180 434 215 470 quo
225 420 309 459 facillime
318 423 388 460 hostem
398 424 458 461 salutis
468 434 539 462 nostrae
547 426 642 472 vincimus,
653 427 667 462 si
676 438 736 463 ansam
746 427 807 468 Divini
816 427 882 464 aratoris

149 479 273 529 adiungamus.
284 481 334 518 Dicit
346 494 416 532 nanque
429 482 489 520 beatus
499 484 545 533 Papa
555 485 660 534 Gregorius:
669 485 722 522 Tunc
736 486 783 522 enim
796 486 883 523 veraciter

149 538 212 576 fideles
229 553 297 584 sunms,
311 542 333 586 si,
348 541 394 590 quod
407 542 465 579 verbis
482 544 611 593 promittimus,
626 544 710 594 operibus
725 544 849 594 adimplemus.
862 546 882 582 ln

149 599 182 636 hac
195 611 284 658 armatura
297 600 347 647 fides,
363 614 403 639 cum
416 604 438 639 sit
451 603 586 642 fundamentum
600 607 681 643 omnium
696 605 785 643 bonorum
798 618 881 654 operum,

150 669 222 695 cunctas
236 660 347 709 operationes
360 671 430 698 nostras
440 663 477 700 iure
491 663 541 701 debet
550 665 661 714 praecedere,
669 675 689 701 ut
703 678 753 703 mens
766 666 788 703 ad
801 678 882 703 amorem

148 718 206 755 ualeat
223 719 322 766 pervenire.
336 720 375 758 Nisi
389 722 435 758 enim
453 721 497 760 fides
514 724 562 772 prius
579 734 665 771 teneatur,
678 725 779 762 nullatenus
796 724 817 761 ad
831 725 882 774 spiri-

149 778 217 815 tualem
230 791 311 815 amorem
324 781 437 831 pertingitur.
450 782 492 820 Non
505 784 553 820 enim
567 784 642 822 charitas
656 783 715 833 fidem,
731 784 763 821 sed
775 784 819 822 fides
832 797 882 832 prae-

150 837 195 874 cedit
211 837 322 884 charitatem,
337 839 378 888 qtria
391 854 444 878 nemo
457 852 516 890 potest
527 842 609 892 diligere,
622 844 650 881 vel
663 856 739 892 sperare,
754 843 802 892 quod
815 843 882 880 bonum

149 898 208 935 renuit
221 897 299 935 credere.
309 899 401 944 Quoniam
413 914 456 939 vero
470 903 511 948 iam,
524 904 571 951 quod
585 904 638 941 etiam
652 902 705 949 iubet,
715 903 791 941 fideliter
804 903 881 947 creditis,

149 958 286 994 fundamentum
296 959 391 1006 spiritualis
401 960 475 999 aedificii
485 975 537 1011 super
551 963 619 1000 firmam
629 973 698 1012 petram
710 963 821 1000 collocastis:
836 975 883 1000 nunc

150 1026 229 1066 oportet,
243 1027 263 1054 ut
276 1017 330 1054 etiam
343 1017 410 1067 reliqua
424 1019 445 1056 ad
459 1021 586 1067 perfectionem
598 1022 681 1059 restantia
694 1023 732 1059 siue
745 1035 795 1060 mora
808 1022 882 1059 faciatis.

49 1076 129 1137 illidii?
149 1076 214 1114 Pacem
227 1076 286 1126 igitur,
297 1086 314 1113 et
322 1078 416 1115 veritatem
430 1078 504 1128 diligite,
515 1091 600 1129 quatenus
614 1083 631 1119 in
644 1081 678 1118 fide
688 1081 761 1127 Christi,
769 1093 789 1119 ut
799 1082 836 1118 veri
850 1081 882 1117 mi-

41 1153 72 1187 ter,
87 1155 129 1188 arata
150 1135 189 1173 lites
203 1137 275 1184 possitis
285 1137 335 1173 omni
344 1147 425 1185 tempore
434 1137 510 1184 stabiles,
520 1149 537 1176 et
546 1140 643 1177 firmissimi
653 1153 761 1189 permanere.
769 1141 817 1178 Nam
825 1141 883 1177 sicuti

41 1180 115 1208 ⁰¹¹⁰⁵¹¹³⁰¹⁴
150 1196 237 1245 scriptura
250 1204 330 1241 testatur,
344 1197 409 1233 veritas
423 1210 486 1246 taragna
499 1210 532 1244 est,
547 1209 565 1237 et
578 1199 642 1237 fortior
656 1213 696 1249 prae
709 1199 798 1246 omnibus,
810 1212 843 1237 nec
856 1209 883 1237 est
911 1196 914 1202 ’

151 1268 192 1293 cum
206 1269 225 1293 ea
239 1256 335 1305 quicquam
348 1257 435 1305 iniquum.
449 1258 485 1302 Qui
499 1258 592 1295 veritatem
606 1259 669 1307 diligit,
682 1271 733 1296 verus
748 1259 814 1296 Christi
830 1258 882 1295 disci-

61 1317 128 1349 loen-14·
150 1316 202 1364 [tulus
216 1325 248 1360 est,
262 1317 356 1364 ipsumque
370 1327 422 1354 amat.
437 1316 527 1354 Christum
540 1319 558 1355 in
572 1318 663 1367 evangelio
677 1318 776 1356 dicentem:
791 1318 829 1366 Ego
843 1331 882 1354 sum

48 1418 53 1435 r
63 1381 98 1422 usn.
108 1390 129 1416 24.
149 1376 184 1422 via,
194 1376 266 1431 veritas,
279 1383 297 1411 et
310 1376 351 1411 vita.
361 1374 460 1413 Universae
469 1390 540 1426 quoque
549 1378 588 1414 viae
597 1378 671 1415 Domini
684 1377 813 1423 misericordia,
823 1380 840 1414 et
852 1389 882 1414 ue-

41 1418 129 1480 {ffiifisiiff
150 1435 202 1472 ritas:
217 1448 226 1471 a
239 1448 274 1484 quo
288 1434 359 1471 Satanas
373 1447 405 1483 per
418 1435 519 1484 superbiam
538 1436 605 1481 cecidit,
620 1437 705 1486 quoniam
718 1437 736 1473 in
749 1438 823 1474 veritate
835 1449 882 1473 sem-

41 1487 98 1515 f⁰⁵⁵l¹il
149 1495 217 1542 piterna
230 1508 267 1532 non
280 1495 383 1542 permansit.
394 1493 444 1531 Iubet
454 1508 496 1544 ergo
508 1495 583 1533 Sanctus
592 1496 724 1544 Christopltilus
737 1496 802 1533 Paulus
815 1495 882 1532 milites

149 1554 224 1591 Domini
237 1555 256 1590 in
265 1554 339 1590 ueritate
348 1567 367 1590 se
376 1554 500 1602 praecingere:
516 1556 534 1591 in
547 1569 583 1605 qno
592 1565 658 1593 statum
667 1555 789 1604 perfectionis,
798 1555 820 1592 ad
829 1568 882 1603 quem

149 1613 231 1651 anhelare
245 1613 323 1650 inanime
332 1612 396 1650 debent
410 1613 516 1658 claustrales,
526 1614 583 1652 uoluit
592 1614 719 1652 demonstrare.
729 1614 821 1658 Quidnam
834 1613 890 1651 aliud-

149 1683 176 1710 est
188 1673 281 1710 veritatem
295 1671 374 1721 diligere,
388 1686 441 1722 quam
455 1686 493 1710 esse
506 1673 597 1711 hominem
613 1675 637 1720 id,
651 1674 699 1723 quod
715 1687 753 1711 esse
769 1673 850 1711 iubetur:
865 1684 882 1711 et

150 1734 173 1771 ita
186 1733 246 1770 uivere
259 1732 280 1770 ad
294 1745 377 1770 normam
386 1732 469 1777 iistitiae,
478 1746 547 1780 uerum,
561 1744 578 1770 et
590 1733 675 1779 solidum,
686 1734 756 1783 qualem
766 1743 839 1770 naturae
852 1747 883 1782 per

40 1791 128 1853 Χξξίῑὲᾙνᾙ·
149 1793 224 1842 gratiam
234 1801 294 1829 salicta
303 1791 389 1840 perfectio
399 1793 485 1841 requirit?
492 1793 539 1829 Hinc
546 1793 645 1830 Firmianus
653 1793 753 1830 Lactantius
763 1792 830 1842 inquit:
846 1792 882 1836 Qui

41 1862 67 1887 ant.
148 1852 218 1889 veritati
227 1851 292 1895 studet,
302 1850 371 1887 obiiciat
385 1851 465 1888 inimicas
478 1851 503 1888 illi
526 1860 543 1888 et
556 1852 615 1889 atinias
629 1852 735 1901 voluptates,
745 1851 882 1900 quaeanimum

148 1910 181 1948 sibi
195 1911 280 1953 vinciunt,
295 1919 312 1947 et
325 1909 400 1947 liberum
414 1923 501 1948 essenon
515 1912 625 1959 permittunt.
635 1911 710 1959 Semper
723 1921 782 1947 autem
796 1909 883 1959 praeferat

148 1983 190 2008 uera
203 1968 257 2016 falsis,
271 1978 341 2006 aeterna
354 1969 443 2016 brevibus,
456 1970 505 2007 utilia
519 1970 606 2007 iucundis.
615 1970 664 2008 Nihil
678 1970 756 2019 aspectui
769 1979 840 2018 gratum
854 1970 881 2013 sit,

102 2037 104 2040 “
149 2031 182 2067 nisi
196 2030 245 2079 quod
253 2030 303 2072 iuste,
313 2029 361 2078 quod
371 2030 406 2076 pie,
417 2028 464 2078 quod
473 2029 557 2078 religiose
566 2030 604 2066 fieri
614 2030 679 2078 possit:
689 2029 734 2067 nihil
746 2029 814 2066 auditui
823 2041 882 2075 suave,

148 2091 182 2127 nisi
196 2089 245 2139 quod
257 2089 334 2126 animam
348 2088 517 2141 redditmeliorem.
531 2089 598 2126 Milites
616 2091 675 2139 itaque
692 2088 764 2126 lumbos
777 2089 795 2125 in
808 2089 883 2125 ueritate

149 2149 215 2186 liabent
228 2148 345 2196 praecinctos,
359 2147 430 2196 quando
446 2149 501 2185 tarnis
515 2148 609 2194 illecebris,
625 2159 642 2186 et
654 2148 716 2185 mundi
729 2146 836 2184 vanitatibus
850 2159 882 2196 pro

148 2210 182 2247 Dei
195 2221 257 2245 amore
273 2208 386 2257 contemptis,
402 2209 425 2244 ita
438 2208 511 2245 student
527 2221 560 2256 pro
577 2207 644 2245 uiribus
663 2208 769 2254 conversari,
785 2217 801 2244 et
814 2207 881 2252 vivere,

149 2279 236 2319 quatenus
250 2281 330 2305 suintune
343 2268 419 2313 ueritati,
433 2281 477 2323 quae
486 2269 535 2304 Deus
549 2278 582 2313 est,
592 2268 661 2305 valeant
675 2268 693 2305 in
706 2266 789 2316 omnibus
804 2266 881 2315 compla-

45 2332 128 2373 tusuaanu-
149 2341 195 2366 cere.
208 2329 251 2365 Post
264 2328 308 2365 haec
320 2327 372 2363 miles
382 2326 449 2364 Christi
462 2328 535 2365 loricam
546 2328 623 2364 iustitiae
633 2326 702 2363 iubetur
711 2326 791 2373 induere,
801 2327 839 2362 siue
849 2339 883 2375 qua

39 2367 128 2428 'diiiidiif
148 2401 202 2424 nemo
212 2397 266 2433 recte,
281 2399 301 2422 ac
314 2386 404 2423 fructuose
414 2388 479 2434 poterit
489 2387 568 2424 Domino
582 2386 664 2423 militare.
674 2385 742 2422 lustitia
751 2398 793 2423 vero
807 2395 833 2422 est
846 2397 882 2421 ser-

148 2460 195 2493 uare,
205 2456 221 2484 et
235 2445 341 2484 distribuere
355 2446 457 2494 unicuique,
468 2445 516 2495 quod
529 2445 562 2483 sibi
576 2445 673 2482 secundum
685 2444 748 2494 legem,
758 2445 787 2481 vel
800 2455 882 2481 naturum

149 2507 227 2544 debetur.
241 2507 263 2543 Et
276 2506 319 2543 haec
333 2516 359 2543 est
373 2507 454 2543 omniurn
467 2508 554 2544 uirtutum
571 2506 718 2555 praeclarissima,
731 2506 768 2542 sine
787 2518 820 2554 qua
834 2504 883 2541 nulla

148 2575 208 2615 potest
221 2578 260 2602 esse
273 2566 334 2614 pietas,
344 2564 391 2602 nulla
405 2565 475 2615 religio,
485 2565 533 2602 nulla
546 2566 637 2612 sanctitas,
646 2564 729 2615 nullaque
742 2563 832 2602 bonorum
846 2576 882 2600 tna-

148 2625 230 2662 lorumve
245 2625 335 2671 discretio,
351 2625 388 2672 ipsa
402 2625 449 2661 enim
463 2625 536 2669 estius,
551 2634 568 2662 et
581 2625 664 2673 splendor
677 2637 759 2674 inagnuS,
772 2638 793 2661 ex
807 2636 842 2672 qua
855 2635 882 2660 to-

147 2684 183 2721 tius
197 2683 240 2721 boni
253 2685 343 2733 consurgit
356 2683 403 2720 inter
416 2683 499 2721 mortales
512 2684 544 2728 vis,
558 2693 610 2733 atque
623 2683 728 2721 dominatio.
742 2682 810 2720 lustitia
824 2691 882 2718 artarer

47 2496 67 2536 'Ea
74 2504 106 2530 quae
113 2505 128 2522 ea

40 2537 60 2557 su.
