1968 3023
141 179 177 204 200
333 168 359 206 De
374 167 428 206 utrlua
440 167 470 204 uia
482 179 523 217 aaran
536 167 580 205 ducit
593 167 615 205 acl
627 168 685 205 vitant.

140 260 194 285 nemo
208 248 294 296 pertingit
308 246 330 285 ad
346 248 432 296 patriam,
446 247 468 283 ad
480 248 535 283 vitam
550 260 604 284 nemo
617 247 708 295 perveniet
722 257 815 284 aeternam.
834 248 875 285 Cre-

140 306 203 344 damus
212 306 288 344 firmiter
296 307 397 344 Dominum
410 315 493 345 nostrum
502 306 561 343 lesum
571 306 661 344 Christum
672 307 744 343 unicum
758 306 875 344 mediatorem

139 365 179 412 Dei,
193 373 210 402 et
224 364 327 411 hominum,
338 377 401 402 verum
410 365 476 411 Deum,
488 373 504 401 et
517 363 615 412 hominem,
629 374 678 401 entra
692 365 741 401 cuius
754 363 807 401 fidem
820 377 874 402 nemo

139 423 241 470 salvabitur,
256 423 386 473 quantumlibet
399 424 502 460 innocenter
516 425 616 460 conversari
629 424 714 460 videatur.
727 424 767 471 lpse
780 423 846 472 quippe
856 424 875 461 in

139 493 200 521 sancto
213 482 311 531 Evangelio
329 482 381 519 dicit:
400 482 437 526 Qui
448 481 510 519 ,credit
527 482 546 518 in
562 482 674 530 unigenitum
691 481 748 519 filium
765 483 808 529 Dei,
821 482 874 520 habet

138 542 194 579 vitam
208 552 299 580 aeternam
313 542 332 578 in
345 542 404 591 seipso
417 551 524 578 manentem.
539 541 576 585 Qui
589 551 698 579 autemnon
712 541 766 579 credit
779 543 798 580 in
810 541 873 590 filiurn,

139 611 199 638 manet
213 602 238 638 ira
251 602 286 638 Dei
299 613 353 649 super
366 613 413 638 eum.
428 601 477 644 Quid
491 611 523 647 est,
537 611 597 638 manet
609 603 634 638 ira
648 615 700 651 super
713 616 764 640 curra:
777 604 811 640 nisi
825 603 873 652 quod

137 673 174 698 non
187 671 292 699 removetur
305 660 326 698 ab
340 674 361 697 eo
375 661 454 709 primum
471 661 557 709 originale
570 663 675 710 peccatum?
690 662 736 699 Nam
750 673 790 710 post
803 662 873 699 institu-

137 721 206 758 tionem
221 721 264 759 novi
280 721 382 758 testamenti
395 733 427 769 per
440 719 498 757 solam
511 720 578 757 Christi
597 720 651 758 iidem
670 730 774 759 removetur
787 721 873 771 originale

137 790 230 831 peccatum
240 794 249 817 a
259 778 371 817 credentibus
380 779 399 816 in
409 792 455 816 eum.
469 779 588 817 Circumcisio
597 779 674 829 patribus
684 780 723 817 data
732 779 765 818 luit
774 782 872 831 insignum
902 807 904 812 .

136 840 207 877 futurae
220 840 290 885 salutis;
304 838 364 875 nullus
377 847 438 875 tamen
452 851 514 875 eorum
525 839 574 888 prius
587 839 652 876 intrare
661 838 682 876 ad
691 852 766 888 regnum
780 840 871 878 coelorum

137 900 203 949 potuit,
217 911 270 948 quarn
284 899 366 936 Christus
381 898 457 935 salvator
471 911 480 934 a
493 898 570 935 mortuis
583 900 683 935 resurrexit.
696 899 750 936 Extra
762 899 816 937 fidem
829 914 872 950 ergo

137 958 205 995 Christi
218 971 254 995 non
268 967 294 995 est
307 957 361 1004 salus,
371 960 464 1007 quoniam,
475 958 520 994 sicut
529 958 567 1006 ipse
580 957 629 1004 dixit,
639 959 714 1007 quinon
727 958 827 1004 crediderit,
836 961 871 997 iam

136 1017 227 1065 iudicatus,
239 1026 276 1063 est,
292 1026 309 1054 et
324 1015 477 1054 condemnabitur.
496 1016 601 1054 ltlaneamus
614 1017 632 1054 in
645 1018 716 1055 Christo
733 1030 764 1067 per
777 1018 841 1063 fidem,
855 1029 872 1055 et

136 1089 228 1123 artiorem,
246 1077 331 1125 quoniam
347 1077 385 1124 ipse
398 1077 427 1113 via
443 1076 505 1112 salutis
519 1087 555 1122 est,
569 1077 607 1124 ipse
621 1078 685 1113 veritas
698 1078 736 1114 sine
750 1090 820 1124 errore,
833 1079 871 1127 ipse

135 1137 171 1172 vita
183 1137 221 1172 sine
234 1146 298 1173 morte.
312 1136 331 1172 Si
344 1135 444 1172 Dominum
453 1135 512 1172 lesum
523 1136 591 1172 itineris
605 1137 662 1172 nostri
675 1135 738 1173 ducem
751 1136 871 1184 habuerimus,

136 1194 247 1232 confidenter
255 1193 372 1230 ambulamus.
382 1193 471 1240 Secundo,
477 1193 575 1230 viatoribus
584 1195 703 1231 necessarium
711 1203 742 1240 est,
750 1205 769 1231 ut
778 1207 809 1244 per
816 1205 870 1232 terras

135 1255 163 1291 sui
177 1255 246 1291 itineris
259 1263 348 1290 transeant
361 1255 398 1290 sine
412 1254 517 1302 cuiusquam
529 1253 594 1290 iniuria
599 1268 604 1297 5
617 1255 710 1302 quoniam,
724 1255 739 1290 si
752 1266 782 1290 aut
795 1254 870 1301 lurtum,

134 1324 164 1351 aut
177 1315 297 1358 latrocinium,
310 1313 337 1350 vel
348 1313 407 1349 simile
420 1313 539 1363 quodcunque
552 1307 600 1349 aliud
612 1323 706 1361 peccatum
714 1314 733 1351 in
742 1314 869 1362 rempublicam

135 1374 267 1417 commiserint,
281 1373 346 1410 ultimo
360 1373 442 1409 venirent
458 1372 547 1420 plectendi
561 1372 655 1420 supplicio,
669 1382 686 1409 et
699 1385 735 1409 11011
748 1375 870 1423 pertingerent

135 1432 157 1468 ad
169 1433 282 1481 propositam
295 1432 363 1467 itineris
377 1430 520 1467 destinationem.
533 1431 571 1469 Nos
585 1442 643 1467 autem
657 1432 674 1467 in
687 1433 715 1467 via
727 1434 787 1480 positi,
800 1434 868 1477 iratres,

135 1504 170 1541 qua
183 1491 275 1528 tendimus
288 1490 399 1539 adparatum
412 1491 462 1539 regni
476 1490 568 1535 coelestis,
583 1490 719 1538 diligentissime
733 1504 833 1538 caveamus,
847 1505 869 1529 ne

135 1552 178 1600 quid
193 1552 328 1588 committamus
342 1550 402 1596 verbo,
415 1550 469 1596 iacto,
483 1550 512 1586 vel
526 1551 604 1599 cogitatu
617 1552 694 1587 institiae
706 1551 740 1588 Dei
754 1549 868 1590 contrarium:

135 1610 166 1647 sed
179 1609 278 1648 tribuamus
292 1610 387 1659 unicuique
396 1611 430 1656 ius,
439 1620 456 1646 et
465 1609 545 1646 debitum
558 1622 618 1646 suum:
632 1611 671 1647 Deo
680 1611 769 1659 inprimis
778 1613 867 1660 pietatem,

136 1669 210 1712 cultum,
225 1680 242 1705 et
255 1668 372 1706 charitatem:
386 1669 469 1716 proximo
483 1667 608 1715 dilectionem;
621 1669 673 1705 nobis
686 1670 774 1717 perfectae
786 1671 868 1719 puritatis

133 1729 277 1765 sanctimoniam.
291 1728 395 1771 Enimvero,
405 1729 420 1764 si
431 1728 488 1774 aliter,
497 1740 550 1776 quam
564 1728 646 1764 Christus
660 1729 728 1774 docuit,
737 1731 840 1777 vixerimus,
849 1732 867 1767 in

132 1799 180 1826 recta
193 1790 221 1825 via
234 1789 307 1834 salutis,
322 1801 367 1837 quae
383 1788 432 1825 ducit
449 1787 470 1824 ad
486 1801 570 1836 reguum,
584 1801 620 1825 non
637 1801 736 1826 manemus.
755 1789 867 1827 Manebimus

132 1858 193 1885 autem
206 1849 225 1885 in
238 1850 274 1893 vta,
286 1850 301 1884 si
314 1847 397 1884 mandata
409 1847 443 1883 Dei
456 1847 598 1884 custodierimus.
612 1846 747 1884 Ambulabimus
760 1849 867 1894 inveritate,
912 1855 913 1858 ’

130 1908 146 1944 si
158 1909 218 1955 ipsum
231 1908 330 1945 Dominum
345 1907 405 1943 Deum
420 1915 502 1943 nostrum
516 1907 533 1943 iu
548 1916 586 1943 tota
601 1907 705 1943 fortitudine
720 1910 785 1944 mentis
800 1907 866 1946 dilexe-

130 1968 192 2005 rimus.
208 1958 335 2004 Perveniernus
349 1966 370 2003 ad
383 1968 445 2009 vitam,
458 1966 473 2002 si
483 1966 593 2007 declinantes
607 1979 616 2002 a
629 1967 682 2013 malo,
696 1968 714 2003 in
727 1969 811 2005 exercitio
824 1968 866 2006 boni

131 2028 216 2063 continue
229 2038 369 2074 perseveramus.
387 2025 404 2061 T
406 2027 457 2068 ertio,
471 2036 564 2073 sumptum
580 2026 648 2062 itineris
665 2025 728 2063 habere
744 2029 865 2065 necessarium

129 2095 164 2131 est,
178 2086 225 2135 qnia,
235 2086 250 2121 si
258 2086 343 2121 viaticum
355 2084 440 2121 deiecerit
453 2083 590 2130 ambulantibus
599 2084 621 2121 ad
633 2085 746 2134 propositum
759 2086 819 2123 locum
828 2099 865 2123 non

129 2154 215 2194 poterunt
234 2145 334 2193 pervenire.
353 2144 417 2181 Viator
431 2155 490 2180 autem
506 2144 595 2191 prudens,
610 2145 713 2193 priusquam
726 2145 800 2181 domum
814 2156 864 2183 exeat

129 2217 187 2250 suam,
196 2214 274 2252 tempus,
284 2212 301 2239 et
310 2202 453 2250 magnitudinem
466 2203 534 2239 itineris
548 2195 595 2251 apud
603 2215 622 2238 se
632 2212 729 2252 computat,
740 2214 757 2240 et
766 2205 864 2242 secundum

104 2302 106 2305 ,
129 2264 177 2314 quod
191 2264 265 2312 requirit
278 2264 381 2309 necessitas,
389 2263 481 2306 viaticum,
492 2271 509 2298 et
523 2271 605 2311 sumptus
617 2271 673 2309 parat.
686 2263 722 2299 lter
731 2261 783 2299 nobis
796 2272 813 2299 et
826 2277 863 2301 ma-

128 2337 185 2373 gnum
193 2333 254 2367 restat,
263 2331 281 2359 et
290 2321 377 2359 arduum:
387 2331 459 2369 oportet
468 2333 511 2370 ergo
521 2331 541 2357 ut
549 2331 631 2369 sumptus
640 2333 764 2370 praeparemus
775 2322 835 2371 plures
846 2325 864 2360 in

127 2396 189 2427 annos,
198 2396 220 2419 ne
234 2382 338 2419 deficiamus
347 2382 365 2418 in
374 2381 407 2417 hac
420 2382 454 2427 via,
468 2394 502 2430 qua
515 2382 612 2430 pergimus.
626 2381 716 2417 Viaticurn
729 2381 781 2417 lruius
794 2383 862 2420 itineris

128 2444 186 2481 nostri
194 2442 215 2480 ad
224 2443 300 2492 patriam
314 2454 366 2490 super
380 2441 484 2488 coelestem,
496 2454 534 2478 non
546 2454 610 2478 aurum
623 2451 654 2488 est,
667 2454 704 2478 non
717 2453 815 2491 argentum,
826 2456 863 2481 non

127 2503 197 2540 fallaces
211 2503 283 2539 divitiae
297 2503 359 2549 seculi,
372 2502 403 2538 secl
416 2501 460 2547 fides
469 2502 542 2548 Christi,
555 2511 573 2537 et
586 2513 636 2537 amor
649 2502 688 2538 Dei.
702 2501 775 2539 Sanctae
789 2504 861 2541 virtutes

127 2562 149 2600 ad
159 2575 234 2611 regnum
243 2562 337 2599 coelorum
346 2562 431 2598 viaticum
440 2561 543 2598 indeficiens
552 2570 593 2596 sunt
606 2561 681 2607 animae,
691 2560 753 2610 quibus
763 2562 862 2599 confortata

127 2623 175 2659 viam
188 2623 222 2659 Dei
236 2621 313 2659 ambulat
326 2623 344 2658 in
358 2621 452 2659 hilaritate.
464 2621 530 2659 Anima
540 2622 611 2658 Christo
624 2620 686 2668 fidelis,
700 2632 717 2658 et
730 2624 794 2660 sanctis
808 2625 862 2660 comi·

126 2698 162 2725 tata
175 2687 282 2734 virtutibus,
296 2688 368 2726 arduam
382 2691 429 2726 viam
446 2691 526 2729 hilariter
538 2694 606 2742 peragit
619 2693 672 2731 huius
685 2693 748 2744 longae
761 2696 861 2744 peregrina·
