1968 3023
411 163 487 202 Haattilia
501 164 515 203 l.
824 174 835 211 7

95 259 128 297 pro
141 244 192 283 nobis
206 245 345 294 patientissimus
359 244 422 288 extitit,
437 253 454 281 et
468 243 536 281 futurae
550 244 637 293 passionis
647 243 747 281 amaritudo
761 255 835 292 praeco-

95 299 144 355 gnita
153 318 244 354 nunquam
254 304 274 341 ab
284 305 321 342 eius
331 304 447 354 praescientia
457 304 535 341 recessit.
545 303 592 341 Cum
603 303 650 341 enim
660 304 709 341 Deus
720 312 767 340 esset
776 302 834 340 oanni-

95 377 163 412 porens,
171 363 227 402 horno
235 363 291 401 factus
299 377 331 414 pro
340 362 397 407 nobis,
405 363 465 401 omnia
472 362 529 409 nouit,
538 363 599 399 onmia
607 363 663 408 scivit,
671 362 731 400 omnia
741 360 835 411 praevidit,

95 436 127 460 nec
141 437 182 460 eum
196 424 291 473 quicquam
306 436 376 468 eorum,
391 435 436 472 quae
453 434 537 471 passurus
555 432 597 466 erat,
611 422 665 459 latere
683 422 749 470 potuit,
765 421 802 469 qui,
815 430 835 456 ut

95 492 185 531 pareretur
199 484 215 519 in
229 482 303 528 tartarido,
313 482 401 531 passibilis
415 480 479 528 lactus,
488 481 538 518 Deus
551 480 600 530 quod
614 491 655 525 erar,
668 479 782 529 impassibilis
795 493 835 528 per-

95 543 167 579 mansit.
180 542 238 579 Natus
251 552 311 579 autern
324 541 346 579 de
354 541 430 591 Virgine
440 541 496 578 ldaria
509 541 546 577 sine
556 539 604 577 virili
614 541 731 586 commercio,
742 549 762 576 nt
775 539 833 589 legem
854 544 886 570 cuc.
895 551 907 570 2·

95 609 233 645 consrnmnaret,
243 596 306 638 octavo
316 614 358 638 mon
372 600 399 638 die
414 599 553 646 circumciditur,
563 610 580 636 et
595 600 626 649 qni
638 599 708 636 nullum
718 598 780 636 habuit
793 611 834 647 pec·
853 608 891 634 atara.
901 615 912 634 2.

95 670 160 704 catum,
174 672 206 708 pro
219 661 285 697 nostris
298 658 374 697 reatibus
383 660 492 696 vulneratur.
504 660 520 696 A
534 658 578 695 facie
592 659 716 707 persequentis
725 668 780 694 noctu
790 670 834 707 puer

95 720 113 756 in
125 720 229 768 Aegyptum
243 718 318 764 ducitur,
332 729 348 756 et
362 719 393 768 qui
406 719 489 756 dominus
503 728 540 755 erat
557 719 647 766 omnium,
661 730 735 768 pauper,
748 728 766 755 et
780 726 833 767 e'gens

94 780 112 815 in
126 778 185 815 medio
193 780 280 827 ,gentium
297 778 400 826 incognitus
416 778 509 827 septennio
527 777 592 815 exulat.
606 778 688 826 Denique
706 773 833 815 cunctis'vitae

94 850 136 874 suae
150 836 211 874 diebus
224 837 242 873 in
255 836 290 874 hoc
302 837 371 874 inundo
382 835 450 873 labores
465 836 559 874 continuos
572 836 702 884 patientissime
716 836 833 880 sustiimit,‘et

94 896 142 933 nulla
156 908 235 944 unquam
245 895 303 932 subire
313 895 385 933 adversa
394 908 427 944 pro
437 895 494 945 gloria
502 896 559 932 Patris
569 896 664 933 recusavit.
674 895 742 933 Omnia
754 907 832 944 namque

94 955 143 996 dura,
157 965 174 992 et
188 968 248 1004 aspera
262 954 362 992 voluntarie
376 956 438 999 iustus,
453 965 470 992 et
483 955 567 992 innocens
581 967 614 1004 pto
624 954 675 992 nobis
689 955 707 992 in
721 954 831 1003 dignissimis

94 1028 156 1063 passus
170 1023 274 1058 estmorae
287 1026 319 1051 nos
334 1015 444 1050 amarissima
458 1015 515 1051 crucis
528 1013 550 1050 de
563 1015 637 1051 interitu
651 1024 746 1063 perpetuae
760 1014 832 1051 damna-

94 1075 148 1111 tionis
161 1074 243 1120 redemit,
257 1083 274 1111 et
287 1073 304 1110 in
318 1073 392 1122 proprio
406 1074 491 1123 sanguine
504 1086 537 1110 nos
550 1073 599 1110 Patri
615 1073 756 1110 misericorditer
769 1085 832 1110 recou-

94 1133 165 1170 ciliavit.
179 1132 251 1170 Christo
264 1133 319 1181 igitur
332 1145 384 1180 passo
398 1145 431 1180 pro
444 1132 496 1169 nobis
509 1133 527 1169 in
541 1145 599 1179 carne,
608 1134 654 1169 sicut
662 1133 746 1181 Princeps
756 1134 832 1181 Aposto-
852 1143 864 1162 ¹·
873 1136 908 1162 Pete.
917 1143 929 1169 a

93 1192 153 1229 lorum
167 1192 287 1240 praemonuit,
298 1191 359 1229 eadem
370 1191 478 1240 cogitatione
488 1191 551 1228 fratres
561 1192 597 1229 mei
607 1204 704 1230 armemur:
718 1202 738 1229 ut
751 1204 777 1235 ea,
787 1205 832 1241 quae

93 1263 126 1300 pro
139 1249 191 1287 nobis
204 1250 234 1287 ille
247 1251 338 1296 sustinuit,
352 1263 385 1287 uos
399 1251 527 1299 compatientes
541 1251 640 1296 innocenti,
649 1250 671 1286 ad
684 1250 791 1288 memoriam
804 1263 831 1287 se-

94 1309 136 1347 dulo
145 1321 257 1347 revocemus.
265 1309 312 1347 Nam
326 1309 340 1345 si
354 1309 480 1357 compatimur,
489 1318 507 1346 et
521 1308 670 1358 conregnabimus
680 1309 759 1358 gloriose
769 1310 831 1346 triurn-

93 1368 161 1418 phanti.
175 1369 221 1406 Ecce
231 1368 311 1407 Christus
325 1381 358 1405 nos
371 1377 428 1412 vocat,
443 1382 478 1418 quo
491 1369 588 1418 praecessit
602 1369 623 1405 ad
637 1369 719 1418 gloriam,
733 1381 782 1405 arma
796 1369 831 1413 dat,
851 1385 863 1405 ι,
873 1377 908 1404 Tin.
917 1385 929 1403 κ.

93 1427 157 1477 quibus
170 1428 209 1475 ipse
222 1428 271 1476 prius
284 1426 347 1464 mundi
359 1427 459 1476 principem
468 1429 565 1476 superarit,
576 1428 690 1476 praescripsit
703 1427 787 1473 formam,
797 1440 832 1476 qua

93 1487 144 1523 miles
157 1498 218 1535 regern
232 1486 282 1536 sequi
296 1484 358 1523 debeat
372 1485 393 1523 ad
406 1498 497 1523 coronam.
507 1486 535 1523 nd
548 1487 595 1523 coeli
606 1486 692 1533 palatium
702 1486 785 1523 Christus
798 1487 831 1523 mi-

93 1546 133 1583 lites
146 1558 189 1582 suos
202 1555 260 1596 vocat,
270 1557 315 1594 quos
329 1543 455 1582 comitantibus
465 1545 515 1582 donis
521 1545 612 1582 -virtutum
622 1557 725 1594 praessurae
735 1545 830 1590 deducunt,

93 1605 206 1654 praemiaque
218 1607 296 1642 victores
309 1605 408 1653 suscipiunt
420 1616 505 1653 perpetuo
514 1613 626 1652 regnaturos.
636 1604 689 1641 Unde
702 1604 785 1641 militiam
798 1618 831 1642 no-
874 1619 938 1646 nunnu-

80 1674 147 1701 >stram
161 1664 224 1701 iratres
238 1663 337 1701 charissimi
350 1677 421 1712 semper
434 1664 564 1701 studiosissime
577 1673 714 1713 prosequentes,
725 1662 791 1701 bellum
804 1666 831 1701 vi·
850 1654 895 1714 ἕψῃ(
901 1654 938 1723 ,2:21

92 1724 127 1770 tiis,
136 1734 154 1760 et
164 1724 314 1771 concupiscentiis
324 1724 390 1772 iugiter
399 1722 507 1760 indicamus:
521 1733 541 1760 ut
550 1723 704 1773 quemadmodum
714 1736 755 1760 cato
765 1724 831 1761 militat
850 1723 903 1766 rualeni.

92 1780 176 1819 adversus
186 1782 277 1830 spiritum,
288 1783 311 1819 ita
320 1794 354 1819 nos
364 1794 463 1830 pugnemus
472 1781 543 1818 assidue
551 1782 646 1830 vigilantes
656 1783 673 1820 in
684 1783 770 1828 oratione,
779 1793 796 1820 et
805 1784 829 1820 ie·
850 1787 887 1814 Gela·
898 1794 908 1821 5-

92 1842 142 1878 iunio
153 1850 214 1884 contra
224 1841 334 1878 incentorem
342 1841 433 1879 vitiorum.
441 1840 533 1884 Quamdiu
543 1842 591 1878 enim
601 1842 678 1879 vivimus
687 1843 705 1879 in
714 1843 749 1880 hoc
756 1843 830 1890 mundo,
850 1860 862 1878 κ.
872 1852 903 1878 eor.
913 1858 925 1885 ς.

92 1901 227 1949 peregrinamur
236 1914 245 1937 a
255 1901 340 1946 Domino,
355 1908 372 1936 et
386 1900 436 1949 quasi
450 1899 526 1937 athletae
540 1911 629 1937 certamus
643 1902 661 1937 in
674 1902 737 1946 stadio,
751 1914 830 1940 necessa-

92 1961 139 1997 rium
152 1960 200 1996 vitae
213 1972 285 1996 cursum
299 1960 317 1996 in
330 1972 388 2008 agone
397 1960 482 2006 contiuuo
491 1969 601 2007 peragentes.
610 1960 713 2009 Pugnamus
723 1971 782 1998 autem
792 1974 829 2005 raon

92 2018 158 2056 viribus
171 2019 244 2065 nostris,
258 2017 288 2056 sed
302 2019 348 2068 regis
361 2019 417 2055 nostri
430 2019 545 2055 miseratione
560 2018 634 2062 suffulti,
649 2021 678 2068 qui
696 2020 732 2056 suis
750 2020 830 2065 imitato-

92 2077 140 2114 ribus
153 2079 171 2115 in
184 2087 246 2114 sancto
259 2077 356 2126 Evangelio
370 2076 422 2114 dixit:
436 2077 477 2114 Sine
494 2090 522 2113 me
539 2076 585 2114 nihil
601 2078 679 2125 potestis
695 2078 759 2115 iacere.
773 2078 794 2115 Et
807 2091 829 2116 ne
849 2088 886 2114 10:11.
896 2094 916 2121 15·

92 2149 170 2186 pugnam
183 2136 257 2173 militiae
271 2135 321 2172 nobis
334 2136 452 2184 propositam,
465 2146 485 2172 ut
498 2135 628 2184 impossibilem
644 2135 774 2185 refugeremus,
788 2136 828 2174 alibi

92 2196 144 2233 dixit:
158 2196 177 2232 ln
191 2196 260 2233 mundo
274 2195 378 2243 pressuram
388 2193 485 2231 habebitis:
500 2195 531 2232 sed
545 2194 636 2241 corifidite,
647 2209 681 2243 ego
690 2196 725 2232 vici
734 2196 828 2234 nnmdum.
849 2211 887 2237 naias.
897 2212 918 2238 aa.

43 2297 44 2300 Ἴ
92 2254 113 2290 Et
126 2263 146 2290 ut
159 2255 246 2291 sciremus
259 2253 360 2290 Dominum
373 2253 432 2290 iesum
446 2253 521 2290 servulis
538 2255 574 2290 suis
589 2255 606 2290 in
620 2254 655 2291 hoc
671 2254 739 2292 rainardo
757 2269 828 2304 semper

92 2327 130 2351 esse
143 2323 262 2363 praesentem,
278 2315 301 2351 ita
314 2313 366 2351 nobis
380 2315 397 2351 in
411 2314 504 2363 Apostolis
516 2313 620 2362 pollicetur:
631 2314 677 2352 Ecce
686 2328 720 2364 ego
733 2315 828 2353 uobiscum

91 2386 131 2409 sum
145 2372 229 2410 ominbus
242 2372 303 2410 diebus
317 2386 373 2422 usque
386 2373 407 2410 ad
421 2374 595 2410 consurmnationem
606 2374 665 2411 seculi.
676 2375 714 2411 Hac
727 2377 828 2415 securitatis

90 2445 161 2480 accepta
175 2432 304 2481 pollicitatione
313 2432 331 2470 O
341 2432 406 2469 milites
416 2432 482 2469 Christi
496 2432 558 2469 iratres
572 2434 608 2469 mei
622 2433 727 2478 charissimi,
742 2448 774 2472 cur
787 2437 828 2473 hae·

91 2492 177 2529 sitarnos?
191 2505 245 2541 quare
258 2505 294 2529 nott
308 2491 378 2529 fortiter
391 2501 458 2528 stamus
471 2491 568 2528 aduersum
581 2505 644 2530 omnes
657 2492 710 2531 huius
724 2494 829 2533 insolentias

91 2550 166 2588 anundi?
179 2552 255 2600 Regem,
270 2561 287 2588 et
300 2560 420 2600 protectorem
430 2561 511 2588 nostrum
525 2551 645 2601 pugnantibus
654 2552 706 2589 nobis
716 2566 787 2603 semper
798 2555 828 2592 ha-

90 2609 152 2647 bemus
165 2620 283 2659 praesentem,
297 2619 314 2647 et
327 2610 412 2647 dimicare
426 2620 487 2647 contra
501 2610 593 2647 infirmum
605 2610 684 2658 hostem,
695 2613 828 2662 quineminern
858 2649 860 2655 ,
875 2613 936 2640 M⁰¹¹ss⁶¹¹i

90 2681 162 2719 superat
179 2669 214 2707 nisi
231 2670 327 2716 volentem,
341 2670 402 2708 miseri
419 2669 549 2708 formidamus?
562 2670 664 2721 Accingiae,
677 2685 710 2710 vos
723 2686 793 2722 precor,
806 2674 836 2713 ad,
848 2650 868 2711 bii
884 2655 936 2710 pipp-1
