1968 3023
152 131 186 166 218
362 128 388 165 Dc
401 127 491 178 cognitione
504 129 568 177 gratiae
580 127 677 177 spititualis.

151 206 280 245 benedictionis
297 206 395 256 acceperit,
409 205 458 254 plus,
472 217 526 254 quarn
543 214 603 249 antea,
617 218 662 255 quae
676 207 711 244 sint
725 221 778 247 verae
796 210 886 249 charitatis

151 268 221 313 merita,
234 267 288 304 siuiul
301 276 318 303 et
332 266 415 303 exercitia
428 265 504 313 pietatis,
518 277 570 313 supra
584 274 663 304 caeteros
677 267 728 315 sapit.
742 269 802 306 Status
814 285 886 321 quoque

151 327 216 364 utentis
225 327 243 363 iu
252 326 358 363 rectitudine
372 326 454 364 coelestis
468 324 551 362 desiderii
564 326 644 374 ponitur,
655 327 703 364 etad
717 341 778 366 ueram
792 331 886 368 scientiam

150 386 220 423 fraterrae
237 385 351 422 beatitudinis
369 385 485 421 illuminatur.
504 383 561 421 Habet
579 384 613 422 hoc
625 386 698 434 siguum
717 386 791 437 adeptae
806 391 886 427 veritatis

150 445 237 483 familiare
250 445 346 482 iudicium:
360 445 400 493 quia
414 457 472 489 mem,
487 443 599 480 illuminante
613 445 659 489 Deo,
673 445 691 481 in
704 447 796 497 scripturis
810 451 886 497 sanctis,

151 517 167 543 et
180 515 240 551 entra,
255 506 316 555 incipit
336 504 420 541 altissima
440 516 509 552 sapere,
524 514 540 541 et
554 514 621 554 quanto
640 505 680 554 plus
697 506 789 557 intelligit,
803 519 852 546 tauto
866 523 885 547 se

150 565 209 602 studet
227 565 331 613 profundius
350 564 449 601 laumiliate.
467 564 542 612 Spiritus
561 565 609 601 euim
622 565 698 602 Sanctus
713 565 834 606 humilitatem
848 570 885 606 suis

150 623 254 662 instrueribus
268 622 338 661 adhibet
345 638 350 669 ;
365 624 432 673 quaesi
442 623 512 672 repulsa
524 623 584 670 fuerit,
597 624 692 661 mamfeste
706 626 742 662 iam
755 637 831 675 constat,
844 630 885 678 quia

150 685 221 734 spiritns
239 684 318 720 recessit.
337 683 426 726 Quintum
443 683 510 731 gratiae
522 683 557 720 Dei
570 684 641 733 signum
655 685 746 733 accipitur,
761 688 775 723 si
788 700 839 725 ruens
853 689 885 726 ho-

150 745 203 782 minis
216 752 254 780 tota
268 744 285 780 in
299 743 333 779 Dei
346 742 438 779 voluntate
453 742 559 790 resignatur,
573 743 587 778 si
601 743 681 791 quotidie
695 744 712 781 in
727 745 764 782 eius
778 760 839 785 artiore
853 760 885 796 per

150 805 258 843 desiderium
272 802 380 846 accenditur,
394 803 408 839 si
423 802 542 849 couscientia,
557 811 644 851 quantum
657 803 751 841 iufirmitas
765 808 842 844 humana
855 821 884 844 sn-

149 866 213 910 stinet»,
227 864 244 900 in
262 863 311 900 omni
329 863 406 911 puritate
424 870 544 898 conservatur.
562 863 618 899 Amor
636 863 684 899 enim
697 864 730 900 Dei
748 878 779 914 per
793 876 884 915 acceptam

149 924 224 972 Spiritus
234 923 294 959 Sancti
307 921 382 971 gratiam
396 921 455 957 statim
465 921 483 957 in
496 931 556 957 meme
568 922 653 969 nascitur,
667 922 754 972 bonisque
768 925 858 974 operibus,
868 938 885 964 et

149 981 269 1032 spiritualibus
283 982 371 1018 exercitiis
385 981 465 1029 quotidie
478 979 578 1027 roboratur,
592 990 686 1030 peccatum
699 982 765 1030 horret,
779 984 884 1033 detestatur,

149 1054 165 1082 et
179 1042 255 1091 refugit,
269 1041 355 1089 nihilque,
370 1041 404 1076 nisi
419 1035 489 1089 purum,
503 1050 595 1086 sanctum,
610 1051 627 1077 et
640 1041 729 1078 Deifieum
743 1043 827 1082 admittit.
841 1044 883 1081 Ubi-

149 1115 218 1151 cunque
227 1101 262 1137 hoc
271 1101 341 1149 siguum
356 1098 415 1142 fuerit,
425 1098 494 1135 nullum
508 1109 600 1148 peccatum
614 1100 654 1137 erit.
667 1100 686 1136 Si
700 1111 792 1150 peccatum
807 1103 882 1148 affuerit,

148 1163 220 1210 siguum
230 1172 293 1196 verum
303 1172 338 1196 riori
349 1158 387 1195 luit.
400 1158 475 1194 Sextum
488 1159 583 1195 instinctus
592 1158 654 1195 Diuini
663 1160 735 1207 siguum
749 1163 843 1210 accipiunt,
853 1156 883 1212 qui

148 1233 218 1269 semper
231 1221 291 1256 auirrio
306 1220 322 1256 in
337 1219 400 1255 melius
414 1218 545 1255 convalescunt.
559 1218 636 1267 SpIritus
650 1219 697 1255 enim
710 1220 744 1257 Dei
759 1232 837 1258 [uentrem
851 1223 883 1259 lio-

147 1281 212 1325 rninis,
227 1291 291 1327 quam,
306 1291 337 1327 per
350 1278 426 1326 gratiam
439 1290 490 1313 snam
503 1276 597 1322 inhabitat,
611 1278 717 1326 patientem,
731 1290 748 1316 et
762 1281 880 1318 voluntariam

148 1340 168 1377 ad
183 1338 284 1376 tolerandas
298 1338 370 1374 iniurias
389 1336 452 1382 efficit,
468 1345 485 1372 et
499 1336 520 1373 ad
534 1336 633 1374 laciendum
647 1337 715 1375 boumn
728 1341 881 1389 promptissimam

147 1398 210 1436 reddit.
225 1397 333 1445 Quicunque
347 1407 426 1433 vestrum
440 1406 490 1432 motu
504 1409 523 1432 se
536 1397 637 1433 conversati
649 1397 716 1434 Diuino
730 1399 830 1446 existiman
844 1400 882 1449 qui-

148 1471 217 1507 cunque
230 1469 249 1492 se
263 1455 353 1492 arnbulare
366 1456 384 1491 in
397 1455 425 1490 via
438 1454 548 1491 rectitudinis
561 1464 621 1503 putat,
636 1457 762 1494 conscientiam
778 1471 828 1495 suarna
842 1472 882 1496 exa-

147 1518 209 1560 minet,
224 1525 284 1551 utrnm
298 1514 319 1551 ad
335 1513 436 1550 tolerandas
456 1513 528 1550 iniurias
547 1526 580 1562 pro
594 1513 662 1550 Christi
681 1528 742 1553 artiore
755 1517 785 1554 fiat
803 1519 883 1567 quotidie

147 1576 258 1625 promptior;
272 1587 293 1611 au
307 1573 394 1610 videlicet
410 1573 428 1609 in
443 1572 558 1609 tribulatione
575 1573 659 1622 gaudeat,
674 1584 692 1610 et
709 1575 748 1624 plus
763 1577 780 1613 in
798 1578 882 1624 adversis,

98 1630 99 1633 ¹
147 1649 199 1685 quam
214 1635 231 1670 in
245 1633 335 1682 prosperis
349 1633 404 1668 aniani
418 1632 489 1668 devotio
504 1642 577 1669 crescat.
593 1633 648 1676 Quod
661 1634 676 1670 si
689 1634 711 1671 ad
724 1636 825 1673 tolerandas
838 1637 882 1674 inin·

146 1696 181 1732 rias
194 1693 335 1731 involuntarium
349 1705 374 1738 se,
388 1692 545 1742 impatientemque
558 1693 650 1739 repererit,
660 1706 713 1742 quam
727 1693 780 1745 longe
791 1697 814 1732 sit
824 1709 833 1732 a
843 1709 881 1744 per-

147 1754 230 1791 fectionis
248 1753 303 1801 gratia
323 1753 401 1801 positus,
415 1751 465 1787 facile
478 1752 563 1800 agnoscit.
582 1751 663 1788 Charitas
677 1753 726 1790 enim
739 1756 794 1791 sancti
809 1756 881 1804 spiritus
898 1778 899 1781 =

147 1815 221 1859 donum,
232 1813 300 1860 patiens
315 1822 347 1857 est,
357 1810 432 1859 benigna
446 1821 477 1847 est.
490 1811 590 1858 Septimum
604 1812 671 1859 gratiae
685 1813 781 1861 spiritualis
795 1815 881 1852 iudicium

147 1873 172 1909 illi
185 1872 283 1920 accipiunt,
297 1872 327 1921 qui
341 1884 372 1920 pro
387 1870 453 1908 Christi
470 1883 530 1907 atraere
548 1883 610 1907 onmes
631 1871 764 1910 consolationes
784 1876 881 1923 praesentis

147 1934 193 1969 vitae
207 1940 329 1968 contemnunt.
344 1924 418 1975 Aniirra,
433 1943 478 1979 qnae
490 1931 550 1966 Deum
564 1931 581 1966 in
595 1944 613 1966 se
627 1944 658 1979 per
671 1944 751 1969 artiorem
766 1933 818 1971 habet
831 1948 880 1983 prae-

145 2001 223 2035 sentem,
239 1991 299 2027 omnia
317 1990 373 2026 carnis
391 1990 452 2025 solatia
470 1990 554 2037 despicit,
567 2002 598 2037 per
611 1990 664 2033 <tur-a,
679 2001 696 2027 et
708 2004 769 2039 aspera
784 1994 845 2030 venire
859 1994 880 2031 ad

145 2050 245 2087 Domimnu
255 2062 307 2085 suum
320 2049 434 2096 concupiscit.
449 2048 523 2084 Diuitias
534 2048 586 2084 huius
596 2049 658 2086 naurdi
667 2062 703 2086 non
713 2050 781 2100 diligit3
796 2052 880 2100 honores,

145 2120 161 2146 et
176 2109 271 2157 dignitates
285 2107 395 2144 transitorias
409 2108 486 2155 spernit,
502 2108 558 2144 carnis
571 2107 673 2156 voluptates
686 2107 757 2147 fortiter
775 2114 879 2149 contemnit.

145 2168 243 2205 Meditatur
253 2168 270 2203 in
280 2167 319 2215 lege
329 2167 403 2203 Domini
416 2179 494 2214 semper3
504 2175 525 2203 et
534 2167 657 2203 attentissimae
666 2168 754 2215 passionis
764 2170 803 2207 lesu
813 2171 879 2208 Christi

144 2240 235 2277 rnrnquam
254 2226 371 2263 obliviscitur.
389 2226 435 2269 Quis
449 2227 466 2262 iu
479 2225 530 2262 vobis
544 2235 570 2263 est
583 2226 656 2270 fratres,
670 2227 700 2275 qui
714 2227 765 2265 iaciat
779 2230 836 2267 hacc?
849 2231 879 2279 qui

144 2301 207 2326 omues
222 2287 320 2324 detestetur
334 2285 496 2322 consolatiunculas
510 2285 562 2322 huius
575 2286 643 2323 seculi?
657 2286 740 2335 quinihil
749 2288 797 2325 uliud
806 2291 879 2338 cogitet,

144 2348 189 2385 nihil
203 2345 336 2397 quaerat,nil1il
350 2346 468 2399 concupiscat,
478 2358 530 2394 quam
545 2345 651 2382 charitatem
663 2346 709 2383 Dei?
724 2347 831 2397 Quicunque
844 2350 879 2386 hoc

144 2409 216 2457 sigaeum
230 2406 339 2455 praesentiae
352 2405 428 2452 Spiritus
441 2404 500 2441 Sancti
514 2414 620 2442 consecutus
634 2404 697 2451 fuerit,
711 2408 725 2442 si
739 2410 894 2456 perseveraverit

144 2481 201 2517 usque
215 2468 232 2504 in
246 2466 300 2504 finem
314 2466 372 2510 vitae,
387 2465 445 2501 salvus
459 2466 497 2501 erit.
512 2465 601 2502 Octavum
616 2465 658 2501 boni
677 2477 738 2502 cursus
752 2468 847 2515 indicimn,
861 2478 879 2505 et

145 2540 207 2564 uerum
221 2527 331 2574 praesentiae
344 2525 401 2562 sancti
415 2525 486 2573 spiritus
500 2525 571 2572 sigmnu
585 2534 627 2561 tunc
641 2525 746 2573 accipimus,
760 2527 831 2576 quamlo
847 2541 878 2565 vo-

144 2586 222 2623 luntates
241 2595 317 2622 nostras
330 2584 393 2622 diuinis
413 2583 554 2621 ordinationibus
573 2584 666 2621 lninriliter
679 2585 697 2621 in
711 2586 793 2623 ouantibus
808 2588 878 2624 consor-

145 2658 221 2683 mamus.
235 2646 270 2683 Iste
284 2645 348 2695 gradus
362 2645 457 2693 spiritualis
471 2644 562 2694 profectus
577 2644 687 2682 monachum
701 2644 721 2682 ab
735 2646 818 2685 ortanibus
832 2648 878 2685 curis
