1968 3023
155 201 179 237 74
365 191 391 229 De
400 191 480 241 fugiendo
491 199 585 240 pravorum
598 195 681 233 consortio.

156 282 197 306 nem
210 270 309 308 sanctitatis
321 283 392 310 vestrae
405 274 522 312 concitentur.
532 275 592 312 Mores
606 275 671 313 etenim
685 276 782 321 seniorum,
792 277 890 315 iunioribus
902 308 903 311 ,

155 329 226 366 vivendi
242 330 326 379 praebent
344 332 454 381 exemplum,
470 334 521 370 sicuti
540 334 635 383 proverbio
653 334 724 373 dicitur:
739 335 794 379 Quod
811 337 891 374 cecinere

155 402 211 434 senes,
222 389 282 427 bocer
295 391 367 429 iuvenes
381 391 485 430 didicerunt.
500 394 538 430 Vos
551 404 611 432 autem
626 395 703 432 iuniores
717 397 834 433 reverentiam
849 409 890 433 cum

155 448 256 487 bumilitate
270 450 369 489 senioribus
382 451 454 489 illorum
469 453 597 491 considerando
611 454 697 491 caniciem
710 454 797 502 exhibete,
811 465 835 503 et,
844 469 889 506 quos

155 509 172 545 in
186 508 297 547 observantia
310 511 394 560 regularis
408 511 510 560 disciplinae
523 513 641 551 ferventiores
655 515 769 563 cognoscitis,
782 528 843 552 eorum
857 529 889 553 vos

155 570 246 606 consortio
260 569 325 607 habere
337 580 461 619 praeceptores
475 571 573 620 gaudeatis.
587 573 654 610 Cavete
668 573 714 620 illos,
727 575 757 623 qui
770 574 798 611 vel
811 575 889 624 inquiete

155 627 250 673 ambulant,
261 628 288 666 vel
297 630 393 678 puritatem
402 629 487 678 regularis
498 630 600 680 disciplinae
610 631 728 681 negligentius
738 632 838 671 observant¹
847 634 889 671 Non

154 700 223 734 omnes,
233 688 263 737 qui
272 688 355 726 dicuntur
364 688 448 733 seniores,
459 689 549 727 iuniorum
563 691 664 728 imitatione
677 702 718 729 sunt
731 692 790 742 digni:
804 705 836 730 nec
850 706 888 731 mo·

154 746 231 795 nachunr
244 748 285 784 anni
299 746 366 785 faciunt
379 746 505 795 venerabilem,
521 748 551 786 sed
565 763 624 787 mores
638 751 656 786 in
669 751 703 788 Dei
716 765 777 789 amore
791 765 831 788 cum
847 765 888 801 pru-

119 840 121 842 .
154 806 213 843 dentia
227 808 338 844 constituunt
351 807 478 857 venerandum.
491 809 587 858 Propterea
601 812 702 860 quicunque
721 813 738 848 in
753 811 813 858 vobis,
827 811 888 849 fratres

154 865 261 911 charissimi,
275 880 328 904 verus
341 867 375 904 Dei
389 867 436 915 cupit
450 880 487 904 esse
502 878 577 915 amator,
592 870 693 919 quicunque
706 869 793 919 proficere
802 871 819 908 in
828 881 889 909 sancta

154 928 289 964 conversatione
306 927 404 965 monastica
420 927 517 974 desiderat,
531 941 584 977 quana
600 928 702 978 profitetur,
716 929 888 978 indisciplinatorum

153 987 228 1024 fratrum
241 988 331 1024 consortia
344 999 414 1034 semper
427 986 488 1036 fugiat,
500 997 516 1023 et
529 1000 562 1024 suo
575 988 668 1036 proposito
682 989 812 1025 consentientes
826 988 888 1040 inbo-

153 1060 196 1083 num
214 1046 346 1084 commilitones
364 1056 441 1096 quaerat
459 1046 507 1082 Dicit
524 1040 594 1096 iaainque
611 1046 698 1096 propheta
715 1048 733 1084 in
750 1048 825 1097 psalmo.
842 1049 886 1086 Cum

153 1116 214 1143 saneto
227 1116 298 1143 sanctus
312 1107 352 1153 eris,
366 1116 382 1143 et
396 1118 436 1142 cuna
449 1107 488 1142 viro
502 1106 596 1154 innocente
609 1108 694 1144 innocens
704 1108 743 1151 eris,
754 1116 770 1144 et
780 1120 820 1144 curn
830 1107 887 1145 electo

153 1166 220 1203 electus
234 1166 275 1211 eris,
290 1176 307 1202 et
320 1179 360 1202 cum
375 1178 460 1213 perverso
473 1166 585 1213 perverteris.
600 1165 662 1203 Multis
676 1167 723 1203 enim
737 1167 798 1203 nocuit
811 1167 886 1204 societas

152 1225 207 1262 mala:
222 1234 248 1269 et,
263 1225 292 1274 qui
307 1224 403 1261 delectatur
417 1222 495 1260 habitare
513 1237 554 1260 cuin
571 1224 660 1272 reprobis,
674 1237 710 1262 non
728 1226 761 1261 erit
778 1225 886 1263 immunisa

152 1285 258 1333 contagione
272 1284 346 1332 peccati.
360 1283 425 1321 Omnis
439 1283 512 1332 quippe,
527 1284 557 1332 qui
571 1297 611 1320 cum
626 1283 677 1320 malis
691 1293 815 1329 conversatur,
830 1294 847 1321 et
860 1297 886 1322 re-

151 1343 222 1392 probis,
236 1356 309 1379 necesse
326 1353 361 1387 est,
376 1351 395 1378 ut
413 1355 476 1379 eorum
492 1343 606 1391 perversitate
624 1342 753 1393 aliquantulum
772 1343 797 1380 eis
814 1344 886 1395 vitietur

151 1402 248 1452 integritas.
262 1403 298 1438 Atat
312 1402 360 1451 enim
374 1401 431 1450 diligit
445 1401 491 1452 illos,
505 1411 523 1437 et
536 1402 599 1438 similis
613 1415 676 1439 eorum
690 1401 765 1439 efficitur
778 1402 841 1448 malus,
856 1416 886 1440 aut

150 1462 192 1499 odio
206 1460 282 1505 habebit,
292 1471 309 1497 et
322 1462 355 1497 erit
369 1461 451 1497 inimicus
465 1461 570 1508 multorum,
582 1471 599 1498 et
613 1462 635 1500 ob
649 1462 667 1499 id
680 1464 779 1500 necessario
791 1464 885 1512 inquietus.

147 1521 202 1566 Quod
211 1522 227 1557 si
236 1520 351 1558 multitudine
361 1532 458 1569 pravorum
470 1520 551 1557 devictus
561 1514 623 1558 eorum
632 1521 716 1558 delectari
730 1523 821 1560 consortio
830 1522 885 1559 semel

140 1582 222 1631 ceperit,
236 1582 270 1617 iam
285 1592 301 1617 et
315 1581 352 1629 ipse
365 1579 469 1628 depravatus
484 1588 515 1624 est,
530 1590 547 1616 et
561 1580 647 1629 paulatim
665 1581 740 1630 amplius
757 1580 885 1630 depravabitur.

66 1652 129 1677 Pacemne
149 1642 168 1679 Si
181 1655 223 1678 vero
237 1641 326 1678 malorum
340 1652 394 1689 opera
407 1640 503 1676 detestatus
517 1639 575 1687 fuerit,
588 1640 638 1689 gravi
654 1642 719 1677 mentis
733 1641 848 1679 incommodo
861 1641 886 1678 la·

44 1685 129 1712 solicitudinis

41 1720 90 1755 imago.
149 1700 223 1747 borabit‚
237 1711 255 1737 et
268 1701 300 1737 erit
314 1701 332 1737 in
345 1698 455 1748 proficiendo
468 1699 490 1736 ad
504 1700 567 1736 melius
581 1710 631 1738 tanto
645 1700 712 1738 tardius
729 1702 747 1738 in
765 1702 804 1750 ipso
818 1700 885 1739 deside-

149 1762 205 1806 rium,
220 1770 285 1809 quanto
304 1760 411 1809 inquietatur
424 1758 500 1808 amplius
519 1761 610 1797 consortio
626 1772 758 1809 perversorum.
772 1761 813 1810 Ago
826 1770 885 1797 tamen

149 1820 214 1869 gratias
229 1819 356 1867 Omnipotenti
369 1818 408 1854 Deo
422 1830 454 1866 pro
467 1816 524 1864 vobis,
534 1818 625 1867 quoniam,
635 1829 653 1854 et
666 1820 681 1855 si
694 1832 807 1873 rionomnes
820 1820 838 1855 in
851 1820 886 1856 Dei

119 1891 121 1894 ·
149 1880 241 1922 charitate,
256 1889 275 1914 nt
288 1888 377 1926 optarem,
393 1877 434 1913 estis
450 1875 521 1920 fervidi¹
536 1890 544 1913 a
558 1878 627 1926 magnis
641 1888 706 1922 tamen,
720 1888 740 1914 nt
754 1878 830 1925 confido,
844 1891 885 1926 pec-

149 1939 198 1984 catis,
208 1948 225 1974 et
236 1936 329 1986 superbiae
343 1936 442 1973 temeritate
455 1949 518 1972 omnes
532 1936 593 1984 procul
607 1937 666 1973 vivitis
680 1937 737 1975 alieni.
747 1938 884 1975 Exhortationes

148 2011 201 2041 meas,
217 2008 233 2034 et
246 2006 327 2045 paternas
340 1996 482 2041 admonitiones,
497 2008 540 2044 quas
554 1994 604 2033 vobis
617 1996 672 2040 facio,
686 2006 705 2033 ut
720 2008 790 2041 rencor,
804 1997 884 2047 quotidie

147 2056 222 2094 libenter
235 2056 330 2105 suscipitis,
340 2055 421 2105 quamvis
430 2054 467 2091 illas
477 2055 495 2091 in
505 2067 559 2104 opere
571 2068 604 2092 nec
618 2057 660 2092 dum
674 2055 752 2104 perfecte
766 2070 827 2094 omnes
837 2058 884 2094 exbi-

147 2115 208 2153 beatis.
222 2115 278 2164 Spero
291 2124 351 2152 autem
361 2116 380 2164 in
388 2114 467 2151 Domino
477 2114 523 2158 lesu,
537 2115 622 2163 quoniam
636 2114 715 2162 perficiet
724 2116 742 2152 in
751 2115 801 2152 vobis
810 2115 883 2163 bonum,

147 2175 195 2225 quod
209 2176 266 2224 cepit,
281 2184 301 2211 ut
314 2174 408 2223 impleatur
420 2173 505 2223 gaudium
518 2186 591 2220 meum,
606 2184 623 2210 et
637 2173 707 2210 videam
720 2187 753 2211 vos
766 2188 829 2212 ornnes
847 2189 882 2213 uno

147 2235 214 2281 studio,
229 2248 265 2272 uno
278 2236 377 2284 proposito,
391 2246 426 2270 uno
440 2233 496 2270 sancti
508 2233 583 2270 fervoris
597 2232 680 2270 incendio
694 2232 787 2282 flagrantes
800 2235 818 2272 in
833 2248 882 2285 erga·

147 2296 201 2332 sterio
215 2294 304 2338 delectari,
318 2306 336 2331 ec
349 2294 427 2332 exerceri
441 2293 495 2330 divini
509 2294 581 2331 amoris.
591 2293 637 2330 Cum
653 2302 712 2329 autern
726 2293 761 2330 hoc
774 2293 882 2347 desiderium

147 2369 208 2392 meum
225 2368 262 2393 non
279 2355 323 2392 nulli
340 2364 419 2392 vestrum
438 2353 528 2398 differant,
547 2355 627 2390 animum
647 2353 732 2402 plenioris
753 2354 891 2403 emendationis
906 2361 908 2364 “

146 2415 222 2452 necdum
235 2424 352 2462 assumentes,
361 2427 414 2464 quern
428 2414 486 2461 cupio,
497 2414 542 2450 iusta
555 2415 661 2450 necessitate
675 2413 774 2462 compellor
787 2413 882 2452 admonere

148 2474 267 2524 proficienteS,
282 2485 367 2524 quatenus
382 2482 510 2521 consurgentes
524 2473 584 2510 animo
598 2472 652 2518 virili,
661 2473 756 2523 societates
769 2474 851 2522 palvataS,
865 2483 882 2512 et

147 2544 232 2571 nocentes
246 2533 314 2582 fugiant
328 2532 435 2582 tepidorum.
445 2532 509 2569 Adhuc
523 2532 570 2569 enim
584 2544 648 2580 parvus
658 2532 675 2567 in
685 2544 748 2569 eorum
762 2531 843 2570 cordibus
856 2543 882 2571 est

147 2594 193 2643 ignis
208 2593 263 2630 divini
276 2594 348 2640 amoris,
357 2590 414 2629 adhuc
426 2593 520 2635 novitium,
534 2600 551 2628 et
565 2589 622 2628 debile
635 2591 691 2627 sancti
705 2590 780 2628 fervoris
794 2592 842 2629 ardet
855 2593 881 2630 in·

149 2651 237 2696 cendiuut,
251 2661 269 2689 et
281 2652 316 2689 nisi
329 2650 436 2701 quotidianis
449 2651 558 2688 fomentetur
571 2650 677 2700 augmentis,
687 2650 738 2688 facile
751 2652 815 2706 sentiet
828 2651 881 2689 detri-

146 2722 233 2750 mentum.
247 2712 316 2749 idcirco
329 2713 398 2756 iterum,
409 2722 461 2760 atque
470 2711 536 2748 iterum
548 2711 637 2748 admoneo
650 2722 688 2757 vos,
697 2711 727 2760 qui
737 2711 802 2765 amoris
816 2711 880 2767 interni
