1968 3023
414 145 491 183 Humilia
505 147 527 183 X.
816 147 839 190 67

101 238 186 272 vestrum,
196 241 207 265 o
216 228 278 265 fratres
288 227 328 273 mei,
336 226 357 263 ad
364 239 439 276 regnum
449 225 542 264 coelorum
551 226 644 273 pervenite
652 224 748 272 desiderat,
759 225 838 274 quisquis

75 301 76 304 ¹
101 288 140 325 Deo
154 287 222 337 placere
235 300 288 336 super
301 287 362 324 omnia
375 295 433 330 curat,
447 299 480 335 pro
494 286 532 322 eius
546 298 607 323 amore
620 284 742 321 tribulationes
755 285 837 322 tentatio·

100 360 143 384 nunt
157 346 231 385 libenter
245 347 299 384 discat
312 347 407 395 suscipere,
418 353 435 383 et
445 346 529 395 quicquid
543 345 640 381 occurrerit
654 343 728 391 adversi,
742 343 838 392 gaudenter

100 407 194 444 sustinere.
208 407 267 444 Nemo
281 407 329 443 enim
343 415 369 442 est
382 415 470 451 nostrum,
484 405 514 453 qui
527 405 633 453 purgatione
647 403 749 453 quotidiana
762 415 798 440 non
812 404 837 440 in-

100 466 164 515 digeat,
178 478 231 503 nemo
245 466 275 515 qui
288 464 363 514 singulis
372 464 470 501 momentis
480 462 537 501 ferme
550 475 586 500 non
600 461 696 511 delinquat.
710 462 728 499 Si
741 475 783 513 ergo
797 475 837 511 pro·

101 527 157 574 priam
170 526 246 563 salutem
261 525 357 575 diligimus,
371 525 385 561 si
399 525 451 562 nobis
465 525 532 561 remitti
546 533 607 560 nostra
621 522 690 569 delicta,
701 531 718 559 et
731 522 803 571 purgari
817 520 837 558 ab

101 585 150 622 omni
164 584 228 622 cordis
236 584 305 621 macula
318 584 424 634 flagitamus,
435 584 522 632 patienter
535 584 662 628 sustineamus,
673 581 756 631 quicquid
769 580 837 618 adversi

100 644 151 682 nobis
160 644 243 681 acciderit
248 660 253 691 ;
267 644 351 693 quoniam
365 643 404 693 plus
418 644 496 680 animam
506 654 581 693 purgant
595 642 641 679 mala
655 641 780 687 tribulationis,
793 654 838 690 quae

100 716 133 752 pro
146 704 179 741 Dei
193 716 253 741 amore
267 705 354 752 patienter
368 702 437 749 tolerat,
451 715 504 752 quarn
519 715 574 751 opera
588 702 638 746 bona,
653 715 697 751 quae
710 714 757 739 nunc
771 702 788 738 in
801 701 837 739 hoc

100 762 168 800 mundo
185 776 216 800 sua
232 772 296 811 sponte
312 772 374 811 patrat.
388 763 453 812 Magna
466 761 519 799 nobis
533 763 551 799 ln
565 761 652 799 hocloco
668 761 746 810 patiendi
763 762 837 798 materia

100 821 160 859 relicta
173 832 205 867 est,
219 835 263 871 quos
273 822 333 871 inopia
341 821 419 870 graviter
428 822 499 869 premit,
509 832 602 870 paupertas
612 819 701 869 deprimit,
712 821 756 857 aeris
766 833 837 870 quoque

100 882 152 919 alieni
166 881 244 919 debitum
259 881 371 929 constringit.
385 880 435 925 Quid
444 881 462 917 in
474 880 508 917 hoc
522 880 631 917 monasterio
645 892 681 916 non
694 880 794 928 experimur
807 880 836 917 ad-

100 941 157 978 versi?
171 953 213 989 quas
227 952 263 978 non
277 939 371 989 procellas,
386 949 403 976 et
417 949 532 988 tempestates
546 939 628 987 patimur,
636 938 711 976 fratres?
725 938 787 988 quibus
800 953 836 977 non

99 1001 210 1050 exagitamur
227 999 359 1037 incommodis?
372 998 432 1042 Quam
446 998 511 1036 fuerint
525 998 585 1035 omnia
598 997 677 1036 desolata
690 998 742 1035 buius
756 998 836 1036 coenobii

99 1058 152 1105 bona,
166 1071 206 1095 curn
220 1068 260 1095 ante
273 1071 329 1095 annos
344 1057 446 1107 quindecim
460 1057 574 1095 observantia
587 1057 730 1095 introduceretur
743 1057 835 1107 regularis,

98 1117 157 1155 nullus
171 1126 250 1154 vestrum
263 1117 346 1166 ignorare
359 1125 424 1165 potest.
439 1116 474 1154 Sed
484 1116 501 1152 in
511 1129 540 1153 me
552 1116 624 1164 gravius
637 1114 754 1153 debacchatur
767 1117 837 1165 inopiae

100 1177 201 1214 communis
217 1175 319 1219 tribulatio,
334 1177 364 1224 qui
381 1175 432 1228 vobis
451 1177 498 1212 vitae
513 1175 612 1212 necessaria
629 1175 722 1225 providere
738 1175 805 1212 debeo:
820 1184 837 1223 et

99 1235 175 1285 saepius,
185 1234 232 1272 unde
241 1234 321 1280 reddam,
336 1231 372 1272 non
385 1232 428 1272 satis
441 1236 485 1272 scio.
499 1234 608 1272 Consolatur
617 1244 676 1272 autem
685 1235 768 1283 spiritum
777 1248 836 1272 meum

99 1295 183 1344 patientia
197 1304 261 1338 vestra,
276 1304 292 1331 et
306 1307 353 1343 spes,
367 1307 419 1343 quarn
433 1295 451 1331 in
464 1295 545 1331 Domino
559 1293 647 1331 salvatore
661 1293 756 1331 humilium
770 1307 836 1331 conce-

99 1354 155 1402 pistis,
169 1364 238 1390 utnon
251 1352 331 1391 dubitem
344 1355 382 1391 eius
396 1353 538 1390 misericordiam
552 1367 593 1390 cum
606 1363 687 1402 tempore
701 1353 805 1397 affuturam,
820 1363 836 1391 et

99 1413 153 1450 audio
166 1413 211 1450 mihi
224 1412 313 1449 dicentem
327 1425 358 1460 per
371 1413 441 1450 Esaiam
454 1413 567 1461 prophetam.
581 1413 626 1449 Ecce
640 1414 702 1449 excoxi
716 1421 743 1459 te,
756 1411 787 1449 secl
800 1426 836 1450 non

99 1473 150 1522 quasi
158 1483 258 1522 argentum,
268 1473 314 1522 elegi
328 1482 345 1510 te
359 1474 376 1510 in
390 1473 460 1510 camino
470 1474 585 1522 paupertatis.
599 1471 681 1510 Libenter
695 1482 754 1509 autem
767 1471 836 1519 habebo

98 1533 202 1581 patientiam
216 1533 233 1570 in
247 1541 357 1582 paupertate,
372 1545 432 1582 quam,
447 1533 487 1570 Deo
500 1533 526 1568 sic
539 1532 640 1577 ordinante,
654 1545 701 1569 nunc
714 1533 802 1580 patimur,
817 1541 836 1569 ut

98 1592 160 1628 venire
173 1600 214 1641 post
223 1600 304 1628 mortem.
315 1592 336 1629 ad
349 1592 458 1629 aeternitatis
469 1591 539 1628 divitias
549 1604 656 1629 mereamur.
670 1591 743 1636 Quanto
757 1592 804 1629 eninr
818 1593 836 1629 in

98 1650 131 1687 hac
144 1650 286 1700 peregrinatione
299 1661 360 1688 nostra
373 1651 409 1687 iam
422 1649 582 1699 persecutionibus,
592 1661 700 1700 paupertate,
710 1652 775 1699 inopia,
788 1651 836 1688 labo-

98 1710 154 1755 ribus,
169 1719 186 1746 et
198 1708 341 1747 tribulationibus
355 1709 441 1747 fuerimus
451 1709 517 1753 afflicti,
528 1720 577 1747 tanto
590 1711 608 1746 in
621 1709 680 1747 lutura
693 1711 836 1748 remuneratione

97 1770 194 1815 iustorum,
204 1769 284 1806 Domino
293 1769 386 1818 largiente,
397 1766 466 1806 maiora
479 1770 558 1818 praemia
572 1782 709 1818 consequemur.
723 1770 794 1807 Mecum
804 1771 835 1807 ita-

98 1842 138 1878 que,
146 1827 208 1865 fratres
221 1829 261 1872 tnei,
270 1828 344 1865 tolerate
358 1829 450 1877 patienter,
465 1828 549 1877 quicquid
563 1830 677 1877 omnipotens
691 1830 740 1866 Deus
754 1831 790 1879 pati
803 1843 836 1867 nos

97 1887 233 1937 praeordinavit,
247 1888 338 1937 quoniam,
352 1889 397 1925 sicut
407 1888 458 1925 divus
468 1889 514 1936 Papa
524 1888 623 1936 Gregorius
633 1889 663 1925 air:
678 1889 698 1925 ln
712 1890 835 1937 omnipotente

97 1947 137 1984 Deo
150 1955 192 1983 tunc
206 1956 252 1983 certa
266 1957 292 1983 est
305 1945 375 1992 fiducia,
389 1947 460 1995 quando
474 1960 507 1995 pro
521 1959 575 1996 opere
588 1946 636 1984 bono
650 1946 746 1984 adversitas
759 1946 834 1990 additur,

98 2016 115 2043 et
132 2006 151 2043 in
168 2005 203 2043 hoc
220 2005 287 2043 mundo
305 2005 396 2055 flagellum
413 2006 447 2042 Dei
465 2018 506 2043 cum
524 2005 590 2055 gaudio
604 2006 698 2054 recipitur,
712 2016 731 2042 ut
745 2006 835 2055 pulchrior

98 2077 166 2105 merces
180 2065 198 2102 in
211 2063 326 2101 retributione
339 2075 442 2101 sanctorum
456 2064 514 2101 lutura
528 2074 615 2101 servetur.
629 2065 696 2102 Iterum
706 2078 777 2114 quoque
787 2065 834 2102 dicit.

97 2125 125 2161 De
138 2137 169 2173 spe
182 2125 299 2173 sempiternae
312 2123 424 2161 haereditatis
434 2124 519 2172 gaudium
529 2134 608 2170 sumunt,
618 2137 663 2173 quos
677 2124 773 2161 adversitas
787 2125 833 2162 vitae

97 2183 202 2233 temporalis
217 2183 306 2229 humiliat,
317 2184 358 2233 quia
371 2195 406 2220 non
420 2182 514 2220 salvandos
524 2184 541 2220 in
551 2193 656 2232 perpetuum
667 2193 752 2229 cerneret,
767 2184 781 2220 si
794 2197 833 2221 eru-

98 2244 171 2281 diendos
185 2242 218 2280 sub
232 2243 335 2293 disciplinae
348 2243 435 2292 regimine
448 2244 513 2280 Divina
527 2243 636 2291 dispensatio
649 2256 685 2280 non
699 2242 781 2281 frenaret.
797 2244 832 2280 Af-

96 2302 139 2340 flicti
149 2312 219 2340 terrena
232 2303 329 2352 perdimus,
342 2302 373 2340 sed
386 2303 500 2340 afflictionem
510 2302 602 2339 humiliter
612 2304 718 2341 sustinentes
728 2302 774 2341 bona
783 2302 834 2341 nobis

98 2362 180 2399 caelestia
194 2363 339 2412 multiplicamus.
353 2363 388 2400 Via
401 2363 466 2411 quippe
481 2372 507 2399 est
520 2363 556 2399 vita
569 2375 662 2410 praesens,
677 2375 710 2411 qua
724 2362 744 2399 ad
758 2364 833 2411 patriam

47 2414 50 2421 ¹
96 2421 192 2467 tendimus,
207 2423 304 2460 etidcirco
318 2422 420 2472 frequenter
429 2422 447 2457 in
457 2435 476 2458 ea
485 2420 650 2470 ’perturbationibus
661 2423 757 2470 tangimur,
771 2436 792 2459 ne
806 2422 834 2459 hic

97 2494 135 2519 esse
149 2482 224 2530 patriam
242 2481 353 2519 arbitremur.
367 2481 447 2519 Gaudeat
465 2494 509 2529 ergo
526 2482 544 2518 in
562 2481 668 2518 adversitate
681 2495 712 2518 sua
725 2482 834 2526 Monachus,

96 2539 172 2577 laetetur
185 2549 267 2585 tentatus,
283 2542 311 2578 cui
325 2540 419 2578 crucifixus
432 2550 459 2577 est
472 2540 561 2577 rnundus:
582 2539 603 2577 ad
616 2541 650 2577 Dei
664 2553 682 2577 se
697 2540 774 2578 confidat
792 2555 834 2590 per-

96 2599 153 2636 tinere
166 2600 284 2644 consortium,
294 2600 324 2649 qui
338 2612 381 2648 puta
395 2599 503 2636 conscientia
512 2598 580 2636 bonum
594 2612 665 2649 semper
678 2610 767 2649 operatur,
777 2612 794 2638 et
807 2615 834 2638 re-

98 2659 140 2708 cipit
150 2658 168 2696 in
177 2657 291 2696 tribulatione
301 2660 414 2697 contrarium.
429 2659 550 2696 Verissimum
564 2660 612 2696 enirn
625 2659 700 2698 Divinae
714 2661 833 2698 miserationis

894 645 945 680 Magis

857 686 913 715 purgant
926 686 946 706 to·

856 716 897 741 lerata
911 715 945 740 rnala

856 758 895 785 quant
911 750 945 776 bene

856 791 913 820 peraeta.

866 2128 907 2154 Variis
915 2138 943 2155 nro·

854 2163 922 2190 distentat
929 2172 944 2190 ac

854 2204 897 2224 servat
906 2199 943 2224 Deus

854 2232 919 2259 homines.
