1968 3023
414 143 470 180 Sermo
484 142 515 179 Ill.
798 152 831 189 195

96 223 134 260 fieri
152 226 215 259 o'mnes
236 223 254 259 iu
273 223 353 259 Domino
373 222 489 270 concupiscit.
512 222 644 259 Duodecimum
665 222 763 270 perfectum
779 234 832 258 verae

96 282 200 319 humilitatis
217 283 299 332 siguum,
316 282 385 321 laudari
402 282 423 320 ab
440 281 542 320 hominibus
561 295 597 319 nou
614 282 690 331 appetit,
704 281 744 326 sed,
759 282 831 331 quoties

97 342 232 379 commendatur
249 341 270 379 ab
288 342 358 392 aliquo,
376 355 417 379 cum
435 342 497 380 dolore
514 343 578 379 mentis
596 343 716 391 ingemiscens
735 341 830 379 erubescit.

96 403 142 439 Cum
161 414 203 439 vero
220 401 282 439 laudes
300 401 377 439 aliorum
395 403 465 439 recitari
482 403 500 438 in
515 410 602 439 conventu
620 400 702 446 arulierit,
717 400 831 450 congaudens

97 461 173 509 proximi
192 459 282 507 laudibus,
299 462 417 511 exultansque
435 462 496 499 animo
513 460 609 499 hilarescit.
629 461 672 498 Suas
689 459 750 497 audire
770 460 831 497 laudes

96 520 133 556 siue
152 518 209 556 cordis
227 519 346 558 amaritudine
362 534 399 558 non
417 531 485 571 potest,
501 522 531 570 qui
548 519 626 569 perfecte
643 520 716 557 humilis
734 529 770 557 est:
786 532 830 568 quo-

96 580 155 623 niam,
166 581 197 628 qui
213 591 264 627 spem
275 592 334 616 ‘suam
350 581 368 617 iu
384 581 484 617 Dominum
502 580 561 617 lesum
579 580 669 628 reposuit,
687 577 831 617 omnem'huius

96 638 142 675 vitae
155 637 230 687 gloriam
249 639 354 676 coutemnit.
372 638 456 676 Tertium
472 652 515 677 vero
533 651 586 689 supra
602 633 691 684 decimum
707 650 759 675 verae
772 637 832 674 humi-

96 697 149 734 litatis
163 697 249 734 iudicium
262 706 298 741 est,
312 697 383 742 laudeS,
398 709 415 735 et
430 697 501 736 favores
514 711 550 736 nou
565 698 624 736 solum
640 698 658 734 iu
673 697 749 735 veritate
765 697 832 734 mentis

97 767 216 801 contemnere,
231 756 262 794 sed
275 769 305 794 eos
319 758 378 803 etiam,
388 770 398 794 a
409 756 472 806 quibus
485 758 553 796 laudari
563 772 581 795 se
591 758 684 807 conspicit,
698 756 795 807 prudenter
804 756 833 794 de-

96 816 166 852 clinare.
180 816 216 861 Qui
228 829 269 853 vere
283 816 359 853 humiles
373 826 419 861 sunt,
430 815 530 854 laudatores
543 829 585 854 suos
599 816 677 865 fugium
688 826 705 853 et
715 816 785 865 quoties
795 814 831 852 lau·
884 807 886 811 ’

96 875 218 921 dantur‚'nihil
231 874 359 924 respondentes
374 874 505 913 obmutescunt.
519 876 583 913 Gravis
596 885 622 912 est
635 875 706 922 humili,
721 888 796 925 rrrttgnae
804 888 831 913 re-

97 934 193 982 putationIs
210 928 320 971 aestimatio:
334 943 352 971 et
365 943 415 971 tanto
428 933 468 982 plus
482 935 500 971 iu
513 934 609 982 semetipso
627 933 751 980 confunditur,
764 945 832 984 quanto

96 993 116 1030 ab
130 992 232 1031 homiuibus
246 992 323 1043 amplius
333 993 459 1042 praedicatur.
478 994 525 1031 Vera
538 1006 614 1043 natuque
628 993 717 1030 humilitas
732 994 832 1042 vituperata

81 1049 83 1052 ”
96 1053 171 1101 proficit,
181 1053 250 1090 laudata
264 1053 363 1103 periculum
377 1054 457 1090 incurrit
472 1054 562 1098 Quartum
575 1064 616 1102 post
629 1053 718 1090 decimum
733 1053 832 1102 perfectum

96 1112 200 1150 humilitatis
214 1112 324 1150 monasticae
337 1114 417 1162 signum,
431 1113 449 1149 in
463 1112 610 1161 correptionibus,
625 1124 641 1150 et
655 1112 803 1159 detractionibus,
817 1113 832 1149 si

96 1186 139 1222 quas
152 1173 224 1221 patirur,
239 1172 330 1222 spirituale
344 1174 422 1222 concipit
435 1173 527 1222 gaudium,
537 1184 553 1211 et
563 1186 647 1222 magnum
661 1173 716 1210 divini
730 1173 795 1210 amoris
805 1173 832 1209 iu-
849 1165 851 1170 ,

52 1280 54 1283 ι
97 1244 212 1271 crementum.
231 1235 326 1271 lniuriatus
340 1235 475 1283 compungitur,
490 1244 507 1271 et
520 1233 627 1283 peramplius
641 1232 662 1269 ad
676 1232 737 1270 mundi
751 1241 832 1270 contern-

96 1303 146 1342 ptum
160 1304 273 1342 provocatur.
287 1294 364 1338 Quoties
378 1295 464 1332 iniuriose
473 1294 494 1332 ab
505 1294 564 1344 aliquo
578 1293 719 1344 reprehenditur,
730 1293 745 1330 si
758 1293 832 1330 humilis

97 1362 128 1399 est,
138 1366 156 1389 se
165 1353 210 1390 iuste
220 1362 323 1402 correptum
333 1354 433 1391 arbitratur.
447 1354 489 1391 Non
500 1355 547 1391 eninr
561 1366 611 1391 suam
625 1352 746 1391 innocentiam
756 1354 774 1390 in
783 1352 832 1389 obie-
853 1377 854 1381 =

97 1413 153 1449 ctione
168 1411 275 1450 considerat:
289 1412 327 1459 sed,
338 1413 379 1462 quia
388 1414 447 1450 Deum
457 1414 535 1462 graviter
544 1415 561 1451 in
571 1413 609 1449 aliis
617 1411 719 1458 offenderit,
733 1411 831 1456 humiliter,

97 1481 113 1507 et
127 1481 246 1519 compunctus
259 1481 326 1520 pensat.
341 1472 430 1517 Quintum
443 1485 486 1510 vero
500 1483 541 1521 post
554 1473 644 1510 deciumm
658 1470 747 1520 perfectae
760 1471 833 1509 humili-

96 1530 136 1566 tatis
154 1530 247 1574 indicium,
261 1543 353 1580 nunquam
369 1544 388 1568 se
404 1532 514 1580 corripienti·
526 1531 634 1579 recalcitrat3
648 1531 709 1569 sedin
723 1532 772 1568 omni
785 1540 832 1567 tran-

97 1589 182 1638 quillitate
195 1590 250 1627 animi
267 1590 357 1627 silentium
373 1601 438 1627 servat.
453 1591 503 1628 Vitio
520 1590 643 1640 reprehensori
663 1604 695 1628 suo
710 1591 763 1627 etiam
779 1591 835 1626 notis-

96 1647 167 1685 simoin
177 1646 242 1685 faciem
251 1661 288 1685 non
303 1649 383 1697 proiicit:
398 1662 430 1686 nec
444 1648 511 1698 aliquas
521 1650 622 1698 argumenti
631 1661 692 1686 causas
703 1643 776 1697 orruerit.
790 1649 833 1685 Nou

96 1706 197 1756 querulatur
210 1706 244 1744 sibi
260 1707 298 1745 fieri
315 1708 454 1754 contumelirnn3
467 1707 534 1746 nullam
552 1710 627 1758 opponit
641 1708 702 1745 contra
715 1708 833 1745 temerarium

97 1768 239 1813 excusationem3
252 1780 285 1805 nec
298 1767 356 1805 verbis
369 1767 423 1805 verba
439 1769 531 1805 consuevit
545 1768 651 1818 rependere,
665 1767 696 1805 sed
709 1767 758 1805 velut
771 1777 832 1804 mutus

96 1826 117 1863 ad
127 1827 186 1863 omnia
195 1835 259 1864 tacere.
273 1827 348 1863 Sextum
357 1839 409 1875 supra
420 1826 510 1863 decimum
524 1826 622 1874 profundae
635 1826 740 1863 litunilitatis
754 1827 832 1875 signum,

97 1896 158 1923 cuncta
172 1885 234 1923 numdi
250 1886 313 1923 sonna
331 1886 416 1934 despicit,
430 1895 448 1922 et
461 1886 519 1923 nullas
536 1886 638 1924 mortalium
652 1887 738 1923 amicitias
752 1886 832 1935 requirit.

96 1947 143 1984 Vera
157 1947 222 1984 etenim
231 1947 329 1991 humilitas,
339 1960 384 1996 quae
392 1959 425 1995 pro
435 1945 503 1983 Christi
516 1960 577 1984 amore
590 1948 692 1991 assumitur,
706 1959 743 1984 non
756 1946 832 1990 aliunde,

96 2019 148 2054 quam
163 2007 180 2042 iu
194 2007 233 2044 solo
247 2006 320 2043 Christo
338 2005 442 2044 delectatur.
460 2006 481 2042 lu
494 2005 568 2043 Christi,
577 2016 635 2043 autem
649 2019 710 2044 amore
723 2019 759 2043 non
772 2015 833 2054 potest

97 2067 199 2113 consistere,
212 2066 247 2103 nisi
260 2067 290 2115 qui
299 2075 316 2103 et
325 2079 376 2103 suam
390 2065 508 2111 voluntatem,
519 2065 631 2103 otmundum
643 2079 683 2102 curu
693 2065 775 2103 omuibus
785 2066 833 2103 inor-

96 2126 159 2164 dinatis
172 2124 294 2176 voluptatibus
308 2125 369 2164 didicit
382 2125 474 2175 abnegare.
488 2126 517 2163 Sic
527 2128 575 2163 eninr
585 2126 627 2163 dicit
636 2126 654 2163 in
663 2135 725 2164 sancto
734 2125 832 2174 Evangelio

96 2185 194 2223 Dominus:
208 2186 226 2223 Si
239 2186 278 2234 quis
292 2186 341 2222 venit
355 2184 376 2222 ad
390 2198 425 2230 me,
440 2194 456 2221 et
470 2198 506 2222 non
519 2185 557 2222 odit
569 2195 638 2233 patrem
653 2198 712 2231 suum,
722 2195 739 2222 et
750 2195 832 2229 matrem,

97 2254 113 2281 et
123 2257 204 2290 uxorem,
211 2253 233 2281 et
242 2244 294 2288 filios,
305 2255 322 2281 et
331 2244 400 2288 fratres
411 2254 428 2281 et
437 2257 514 2288 sorores,
524 2243 581 2281 adhuc
594 2255 652 2282 autem
663 2254 679 2282 et
689 2245 765 2282 animam
776 2257 833 2291 suam,

97 2316 133 2341 non
146 2314 204 2354 potest
217 2317 268 2341 meus
283 2317 320 2341 esse
335 2304 436 2352 discipulus.

143 2363 244 2411 Septimum
257 2376 300 2400 vero
315 2373 355 2412 post
369 2362 460 2399 decimum
474 2362 579 2400 lmmilitatis
593 2363 670 2412 signum,
680 2364 698 2400 in
709 2362 760 2411 plura
768 2376 787 2400 se
796 2376 833 2401 non

96 2422 168 2468 dividit,
183 2423 278 2460 homiuum
295 2421 433 2469 subventiones,
448 2433 464 2459 et
480 2422 564 2460 beneficia
577 2435 685 2472 nmgnopere
699 2436 735 2459 non
748 2423 823 2473 requirit
828 2439 833 2470 ;

96 2482 127 2518 sed
140 2483 158 2518 in
171 2494 202 2519 sua
216 2482 347 2528 mediocritate,
357 2482 385 2518 vel
399 2483 453 2518 etiam
467 2483 581 2519 extremitate
593 2482 684 2519 humiliter
698 2483 784 2521 consistit.
798 2483 833 2520 Pro

96 2540 186 2578 beneficiis
206 2541 301 2578 hominum
320 2542 397 2589 acceptis
414 2554 451 2578 nou
466 2541 543 2578 multum
562 2542 654 2578 cousuevit
672 2541 788 2591 applaudere,
802 2543 835 2580 sed

95 2600 152 2637 verbis
166 2601 231 2649 paucis,
245 2609 297 2650 atque
311 2600 423 2649 simplicibus
436 2613 455 2637 se
468 2609 541 2649 gratum
554 2600 643 2638 exhibere.
661 2601 771 2638 ltlunuscula
784 2601 834 2638 infir-

95 2673 166 2698 morum
176 2660 276 2699 dissolvunt
285 2661 361 2707 animos,
371 2671 387 2698 et
397 2661 478 2698 incautos
488 2660 579 2699 multoties
589 2661 607 2698 in
616 2673 702 2704 sermone
712 2660 784 2699 inutiles
793 2661 833 2698 red-
