1968 3023
412 171 489 211 Humilia
503 169 542 207 XV.
809 180 840 207 101

109 271 145 295 11011
158 257 222 304 bibere,
232 266 249 294 et
261 257 293 302 ira,
303 255 379 301 luxuria,
388 253 438 300 odio,
449 263 501 303 atque
515 250 580 289 invidia
594 250 686 289 inebriari?
695 252 731 288 Aut
740 250 784 300 quid
793 250 844 289 nobis

110 317 197 355 conducet
210 316 231 353 ad
244 326 333 353 aeternam
347 314 429 357 salutem,
443 312 511 359 iratres,
524 311 573 361 quod
585 313 633 349 iuxta
646 311 725 361 regulam
734 312 776 348 Divi
785 312 842 348 Patris

108 377 164 413 nostri
177 375 267 413 Benedicti
281 388 341 413 carnes
354 387 392 412 non
406 373 525 417 comedimus,
536 373 550 409 si
564 372 621 409 carnis
630 372 672 408 vitia
687 384 723 409 non
737 370 843 408 domamus?

109 436 157 472 Dicit
170 436 217 472 enim
231 444 257 471 ter
270 445 341 472 sanctus
350 434 397 482 Papa
407 432 513 481 Gregorius:
527 432 617 468 incassum
632 443 697 480 corpus
711 443 742 480 per·
754 429 843 466 abstinen-

108 495 151 531 tiam
165 495 251 537 atteritur,
260 495 275 531 si
288 492 393 532 inordinatis
405 491 484 529 motibus
494 491 550 528 divisa
559 504 609 528 mens
618 490 666 528 vitiis
676 489 776 537 dissipatur.
790 488 842 525 Unde

108 553 153 590 bene
168 553 209 591 dicit
227 555 323 602 scriptura:
341 552 454 591 Sanctificate
472 552 564 589 ieiunium.
582 551 670 589 Ieiunium
683 549 802 595 sanctificare,
817 558 843 586 est

108 613 195 651 adiunctis
208 613 246 651 aliis
255 612 306 651 bonis
316 612 400 661 operibus
410 612 482 662 dignam
491 613 530 649 Deo
541 612 598 648 carnis
607 609 733 648 abstinentiam
742 608 842 646 ostendere

108 673 204 710 Enimvero
217 674 231 709 si
245 672 350 710 abstinentia
363 672 400 710 sola
410 671 490 719 ciborum
499 671 592 709 hominem
601 671 700 708 virtuosum
711 669 796 716 efficeret,
805 681 842 706 non

106 745 151 781 opus
164 731 226 769 fuisset
239 731 341 780 adiungere,
355 731 473 769 sanctificate:
487 731 519 768 sed
531 732 571 780 quia
584 731 670 768 ieiunium
685 730 705 766 ad
719 729 843 766 sanctificatio-

108 804 149 827 nem
162 792 230 828 nnimae
244 790 302 828 solum
315 804 352 827 uon
369 790 441 839 sufficit,
455 791 576 827 necessarium
590 800 627 835 est,
646 801 665 826 ut
677 790 763 826 virtutum
778 799 842 826 ornatu

108 851 190 887 omnium
203 849 302 887 decoretur.
315 849 368 892 Nam,
382 850 413 898 qui
426 862 435 885 a
449 848 491 885 cibis
505 848 684 895 absumaturnam
697 858 791 897 peragunt,
802 847 843 884 dae-

97 918 170 946 ‘mones
183 909 285 954 imitantur,
299 907 363 957 quibus
378 918 395 944 et
408 899 480 956 semper
496 917 522 945 est
539 908 634 954 ieiunium,
653 919 670 944 et
687 921 778 957 nunquam
792 907 842 944 deest

108 977 205 1017 peccatum.
219 966 330 1016 Acceptabile
344 967 383 1004 Deo
397 967 484 1004 ieiunium
498 976 524 1003 est
534 980 598 1014 corpus
608 980 638 1015 per
647 966 770 1004 abstinentiam
781 980 790 1003 a
800 979 842 1003 con·

109 1027 216 1076 cupiscentia
228 1026 317 1063 malorum
331 1027 443 1075 restringere,
458 1036 475 1063 et
488 1025 532 1062 iacta
546 1027 601 1063 carnis
617 1038 649 1074 per
662 1026 743 1073 spiritum
758 1038 843 1073 compun-

108 1088 172 1130 ctionis
181 1100 213 1135 pro
223 1085 290 1123 Christi
299 1081 439 1134 amore'iugiter
453 1085 567 1123 mortificare.
581 1085 607 1122 Sit
615 1097 666 1121 mens
675 1086 770 1122 ieiunantis
781 1085 800 1121 in
808 1084 843 1121 Dei

109 1147 193 1183 charitate
207 1144 281 1191 feruida,
296 1146 319 1181 sit
332 1145 441 1182 conscientia
454 1157 525 1192 semper
539 1158 548 1181 a
561 1145 608 1181 vitiis
622 1144 695 1188 munda,
714 1153 731 1181 et
748 1143 843 1193 placebunt

108 1206 195 1242 altissimo
208 1216 301 1241 servorum
314 1203 410 1241 humilium
424 1204 496 1241 ieiunia.
509 1204 548 1241 Sint
557 1204 649 1241 monachis
660 1202 763 1253 quotidiana
772 1203 843 1248 ieiunia,

111 1265 157 1301 sicut
171 1277 227 1301 canon
241 1264 296 1301 sancti
309 1264 430 1312 praeceptoris
443 1263 534 1300 Benedicti
546 1264 633 1301 instituit:
650 1265 685 1300 sint
702 1264 768 1301 munda
782 1264 842 1310 corda,

108 1326 154 1361 sicut
167 1325 255 1361 Dominus
269 1324 318 1360 Iesus
332 1324 350 1360 in
359 1336 410 1360 sacro
419 1323 517 1373 Evangelio
526 1324 626 1373 praecepit:
637 1324 659 1360 sit
668 1323 759 1360 moderata
769 1323 843 1360 refectio

108 1384 209 1420 satietatem
222 1382 299 1431 fugiens,
312 1383 397 1432 quoniam
411 1384 457 1420 sicut
470 1395 491 1420 ex
504 1383 559 1420 nimia
576 1384 667 1419 saturitate
684 1395 748 1431 corpus
762 1382 843 1428 diuersis,

864 555 897 581 luel.
908 563 928 581 11.

891 598 951 640 Sanctifi-

863 642 899 659 care
912 642 952 660 reru·

863 670 903 701 nium,
911 669 951 704 quid?

864 1207 922 1240 Mau.p

109 1452 127 1480 et
140 1444 193 1480 variis
207 1442 274 1479 morbis
288 1444 418 1491 corrumpitur,
432 1444 456 1480 ita
469 1442 547 1480 libidinis
563 1443 692 1492 incompositus
709 1453 768 1480 motus
785 1444 802 1480 iu
821 1456 843 1480 eo

108 1503 213 1539 concitatur.
220 1501 302 1538 Modicus
311 1515 394 1551 nauaque,
404 1515 423 1539 ac
433 1502 535 1540 moderatus
545 1501 598 1549 cibus,
605 1512 622 1539 et
632 1503 703 1551 corpori
712 1512 738 1540 est
746 1502 841 1547 medicina,

108 1570 125 1598 et
134 1562 203 1598 animae
211 1561 282 1597 virtutis
291 1561 427 1599 adminiculum.
440 1562 489 1599 Dicit
502 1563 549 1599 enim
559 1558 630 1599 sanctus
639 1563 720 1608 loannes,
732 1576 751 1599 os
761 1575 842 1605 aureum,

108 1621 211 1671 episcopus:
224 1620 274 1659 Nihil
287 1622 312 1658 sic
324 1621 423 1659 iucundum
437 1634 468 1667 est,
482 1623 528 1659 sicut
541 1621 589 1659 cibus
602 1622 645 1660 bene
654 1622 739 1671 digestus,
748 1632 801 1672 atque
813 1622 842 1659 de-

108 1689 178 1726 coctus3
192 1680 236 1718 nihil
249 1681 275 1717 sic
288 1681 369 1724 salutem,
379 1681 423 1718 nihil
437 1682 462 1718 sic
476 1694 550 1719 acumen
564 1691 647 1730 operatur
660 1694 749 1726 sensuum,
760 1681 805 1719 nihil
816 1683 841 1718 sic

108 1739 237 1788 aegritudinem
250 1739 304 1789 fugat,
315 1741 360 1777 sicut
371 1740 464 1778 moderata
478 1740 557 1779 refectio.
571 1740 679 1779 Sufficientia
692 1742 740 1778 enirn
754 1755 795 1778 cum
809 1755 841 1777 nu-

107 1799 191 1836 trimento
201 1798 292 1836 moderata
301 1801 406 1848 sospitatem
415 1801 469 1837 simul
478 1811 565 1849 procreat,
574 1810 592 1837 et
601 1801 718 1849 voluptatem.
728 1800 841 1838 Abundantia

108 1870 158 1905 vero,
171 1857 254 1896 morbum
264 1858 311 1906 facit,
320 1859 447 1909 molestiasque
457 1861 529 1908 ingerit,
541 1871 557 1898 et
566 1860 685 1909 aegritudines
693 1861 750 1907 uarias
760 1871 839 1910 generat.

108 1918 163 1961 Quod
176 1918 224 1956 enim
237 1917 292 1955 fames
301 1919 356 1956 nimia
365 1918 412 1965 facit,
422 1919 457 1957 hoc
466 1920 519 1957 etiam
528 1919 620 1968 plenitudo
630 1919 747 1957 immoderata
761 1919 840 1958 ciborum

109 1978 200 2014 consuevit
214 1978 289 2027 operari.
303 1978 366 2015 Fames
380 1978 451 2028 quidem
465 1979 483 2015 ia
496 1980 556 2027 paucis
570 1978 631 2017 diebus
644 1979 701 2016 aufert
714 1980 813 2024 hominem,
824 1990 841 2017 er

108 2034 170 2073 liberat
186 2049 226 2073 eum
240 2036 261 2074 de
274 2037 307 2075 hac
320 2038 357 2074 vita
370 2035 452 2087 poenali3
465 2051 548 2076 excessus
560 2051 604 2077 vero
618 2039 698 2077 ciborum
712 2041 809 2085 consumit,
824 2050 841 2077 et

108 2105 250 2145 computrescere
264 2096 305 2133 facit
319 2110 384 2147 corpus
397 2099 502 2144 humanum,
512 2108 529 2136 et
542 2108 619 2136 macerat
632 2099 742 2148 aegritudine
751 2099 841 2145 diuturna,

108 2153 213 2203 tandemque
226 2165 285 2192 morte
298 2154 365 2193 crudeli
379 2157 476 2194 consumit.
491 2157 515 2193 Ut
529 2170 571 2206 ergo
585 2169 644 2195 mente
657 2159 725 2202 vivatis,
735 2169 752 2195 et
765 2171 841 2206 corpore

108 2212 269 2263 sani,iratresmei
283 2213 400 2261 dilectissimi,
413 2216 459 2253 hanc
472 2229 554 2254 normam
568 2217 638 2254 vivendi
651 2227 716 2263 tenete,
728 2230 781 2267 quarn
790 2217 841 2254 uobis

108 2274 162 2310 sancti
175 2273 236 2310 Patres
249 2273 303 2312 verbo
317 2277 474 2325 praescripserunt,
488 2287 505 2313 et
519 2277 561 2314 vivo
574 2286 737 2326 praemonstrarunt
751 2277 840 2325 exemplo,

108 2341 127 2368 ut
140 2344 213 2369 omnem
227 2332 317 2379 ciborum,
335 2344 446 2384 potuumque
464 2335 551 2372 luxuriam
569 2336 666 2385 fugientes,
683 2338 753 2385 corpori
770 2346 839 2373 tantum

108 2390 225 2439 indulgeatis,
243 2402 337 2441 quantum,
356 2395 456 2444 requirente
474 2404 547 2441 natura,
564 2393 621 2432 bonae
637 2395 733 2432 valetudini
750 2397 793 2433 satis
808 2406 840 2433 est.

108 2449 162 2488 Cibus
175 2450 241 2489 fantem
254 2451 309 2497 sedet,
322 2466 359 2490 non
374 2466 438 2501 corpus
452 2454 513 2491 incitet
527 2453 548 2490 ad
561 2453 661 2492 libidinem:
679 2464 731 2502 potus
750 2456 841 2505 extinguar

107 2511 161 2557 sirim,
175 2523 211 2547 uon
224 2521 304 2549 mentem
316 2511 412 2556 subvertat,
427 2522 457 2549 aut
470 2525 550 2549 sensum:
560 2513 614 2549 vestis
628 2522 684 2550 arceat
694 2514 755 2563 frigus,
765 2528 802 2552 11011
816 2514 841 2551 sa-

78 2608 83 2618 ,
108 2571 141 2607 ciat
154 2571 172 2607 in
185 2571 267 2608 vanitatis
285 2584 346 2609 amore
364 2572 469 2609 mollescere
482 2573 567 2610 animum.
586 2573 675 2610 Mentores
693 2587 763 2623 semper
776 2585 841 2621 estote,

108 2628 175 2673 fratres,
189 2629 273 2679 quoniam
286 2630 327 2679 gula
339 2631 408 2679 primos
421 2641 502 2680 parentes
516 2642 588 2669 nostros
601 2631 622 2669 de
631 2644 687 2682 regno
696 2634 778 2682 paradisi,
789 2644 806 2673 et
815 2636 840 2671 in-

107 2688 200 2725 nocentiae
212 2689 286 2736 turpiter
300 2689 373 2739 expulit,
384 2690 414 2739 qui
425 2704 462 2728 non
475 2704 534 2737 auem,
544 2704 580 2729 non
594 2692 797 2740 piscenr,110nvitulu1u
812 2694 841 2731 de-

890 1925 950 1960 Replerio

862 1961 896 2002 [atne
906 1962 950 1995 perni-

862 2003 912 2022 nostor.
