1968 3023
111 1001 168 1035 then-

83 1035 169 1061 sariories

83 1078 169 1096 smumoruut

83 1106 121 1130 Pout.
134 1104 169 1137 irau-

83 1139 170 1165 dnhnmren

83 1180 124 1199 ionae
139 1174 170 1200 uffid

83 1215 141 1243 prosunt

96 2488 166 2521 thnmn

80 2529 129 2548 nonmn
140 2531 165 2548 tu-

80 2563 113 2582 maut
130 2565 166 2591 qua-

80 2599 116 2617 tuor
130 2592 165 2617 rad-

79 2626 115 2652 dunt

190 164 225 201 242
383 154 409 192 Do
421 160 466 192 stara
478 166 486 191 a
505 154 555 191 raino
567 153 654 191 monastici
666 152 733 191 ordinis.

188 234 207 270 111
219 234 297 271 vanitate
316 233 401 271 confidis?
420 235 457 273 Cur
475 234 562 271 terminos
580 233 673 283 antiquos,
688 246 733 283 quos
746 242 845 281 posuerunt
861 233 921 270 Patres

189 294 247 330 sancti
263 293 403 343 transgrederis?
416 294 497 340 Votum,
511 292 559 343 quod
574 293 612 329 Deo
626 292 730 329 solemniter
744 292 813 338 fecisti,
827 304 889 342 negas:
904 300 922 328 et

190 356 294 404 portionem
307 367 348 391 cum
362 354 422 391 electis
433 354 475 400 Dei,
485 353 535 390 velut
548 353 604 389 iustus
618 353 711 402 expectas?
724 352 767 390 Non
774 362 804 394 vest
817 364 857 399 pars
865 351 922 399 impio

190 426 230 450 cunr
245 413 286 450 filiis
295 413 338 450 Dei:
352 426 393 450 ecce
406 413 534 451 haereditatem
543 412 617 448 Domini
631 412 716 460 dissipas;
732 421 825 448 extraneos
836 410 857 448 de
871 410 922 448 bonis

189 473 249 510 Sancti
258 473 315 510 Patris
322 472 412 510 Benedicti
421 473 476 519 ditas3
486 471 595 520 prornissum
605 484 667 520 negas:
682 480 704 515 et,
714 480 734 507 ut
743 468 817 508 licenter
825 469 922 519 delinquas,

190 531 232 568 falsa
249 544 282 580 pro
295 532 342 567 veris
359 532 466 580 ingeminas:
485 531 503 567 Si
523 529 580 567 bonus
597 543 615 566 es
632 529 741 573 monachus,
755 529 792 567 noli
808 530 922 578 propositum

190 600 240 626 tuum
254 589 344 633 deserere,
358 588 396 626 noli
412 588 519 626 Monosterii
534 598 606 636 secreta
615 587 712 625 declinare:
726 588 741 624 si
754 597 815 624 autem
832 587 889 625 malus
903 600 921 624 es

189 649 293 695 rnorrachus,
307 661 397 698 nunquam
411 648 469 686 honus
483 648 578 685 canonicus
592 647 632 684 etis.
646 647 682 692 Qui
696 657 756 684 autern
769 646 826 684 bonus
839 660 876 684 non
889 657 922 693 est,

189 708 247 745 11111115
261 718 297 745 est:
311 709 342 757 qui
355 717 413 745 autem
423 708 481 745 rualus
491 717 523 751 est,
532 720 568 744 non
578 716 611 753 est,
621 717 640 745 ut
650 720 689 744 esse
698 706 756 753 debet,
767 717 785 744 et
798 706 838 744 ideo
846 708 922 744 iniustus

189 777 225 803 est:
239 767 302 804 Iniusti
312 777 371 804 autem
384 778 451 815 partem
461 779 498 804 non
508 766 572 803 habent
581 767 599 802 in
608 774 664 815 regno
674 767 716 803 Dei:
726 776 743 803 et
752 779 815 816 parum
824 765 882 811 refert,
893 765 922 803 ubi

189 827 219 870 sis,
229 826 272 863 dum
286 825 351 875 ubique
360 825 421 870 malus,
433 825 499 875 ubique
512 826 595 869 iniustus
609 825 673 875 ubique
682 825 757 863 infoelix
766 818 869 875 torquearis.
883 826 923 864 Nisi

190 885 235 925 forte
255 885 322 934 duplici
340 885 384 922 velis
404 885 515 923 damnationi
531 898 569 921 esse
585 884 682 932 obnoxius,
697 896 716 922 ut
734 886 776 923 dum
789 898 808 922 es
821 885 922 924 Monachus

189 944 253 990 attalus,
267 954 284 980 et
298 944 392 981 canonicus
405 945 485 993 iniquus,
498 942 592 992 utrobique
606 956 653 989 rens,
668 943 763 993 utrobique
776 943 861 991 mendax,
876 957 922 982 mer·

189 1003 250 1041 cedem
260 1004 353 1053 utriusque
364 1004 471 1051 expostules.
482 1004 521 1041 Nec
530 1003 575 1040 mihi
584 1003 735 1051 dispensationem
744 1004 821 1041 Romani
831 1004 922 1041 Pontificis

190 1062 269 1107 obiicias,
277 1075 330 1112 quam
340 1063 374 1099 nisi
383 1063 431 1101 Deus
441 1062 533 1112 approbet,
542 1072 560 1100 te
569 1063 643 1100 mininie
652 1062 750 1100 excusabit:
763 1064 805 1101 Non
814 1065 874 1101 omnia
882 1065 922 1101 Deo

190 1122 267 1171 placent,
283 1135 327 1171 quae
340 1134 371 1171 per
384 1135 475 1159 summum
484 1121 590 1159 Pontificem
600 1122 618 1158 in
627 1133 674 1159 terra
686 1131 779 1170 geruntur.
788 1122 825 1159 lam
838 1123 852 1160 si
866 1122 923 1159 excla-

190 1195 241 1218 mans
250 1181 295 1218 mihi
304 1194 414 1228 succenseas,
425 1183 475 1231 qnasi
486 1181 533 1218 facta
541 1180 608 1217 Victrii
617 1181 684 1219 Christi
698 1180 800 1228 diiudicent,
809 1181 922 1231 Respondeo:

190 1242 287 1278 Summum
300 1240 410 1290 pontificem,
425 1251 444 1277 ut
455 1234 552 1278 ¹Vicarium
566 1240 632 1277 Christi
645 1253 717 1284 verum,
731 1240 834 1289 amplector,
847 1241 893 1288 colo,
906 1251 923 1279 et

190 1313 277 1347 veneror,
291 1301 341 1337 cuins
355 1299 400 1338 facta
413 1313 526 1349 nequaquam
540 1300 659 1349 reprehendo,
673 1300 705 1338 sed
717 1300 810 1338 hominem
824 1313 862 1338 esse
874 1301 921 1345 scio,

189 1361 225 1409 qui,
239 1370 259 1397 ut
273 1360 335 1407 horno,
348 1369 366 1396 et
378 1358 415 1397 falli
428 1369 492 1409 potest,
507 1368 524 1396 et
539 1358 604 1396 fallere.
620 1360 659 1397 Nec
672 1360 743 1396 mirum.
761 1359 781 1396 ln
796 1368 842 1397 tanta
856 1361 922 1409 quippe

189 1418 310 1456 sollicitudine
319 1418 400 1456 ninnium
409 1419 532 1464 ecclesiarum,
543 1419 560 1454 in
570 1426 617 1455 tanta
625 1419 743 1467 occupatione
752 1419 872 1467 negotiorum,
879 1419 923 1457 duan

189 1492 222 1528 pro
231 1480 279 1515 veris
292 1476 336 1515 falsa
348 1490 447 1522 narrantur,
457 1491 508 1515 mens
518 1478 536 1514 in
547 1477 607 1514 multis
621 1477 704 1515 distracta
717 1477 769 1514 facile
783 1477 878 1527 decipitur:
892 1478 922 1515 Tu

189 1546 250 1574 runem
263 1537 323 1573 Sancti
336 1535 403 1573 ordinis
413 1537 506 1585 Apostata,
521 1536 551 1585 qui
565 1535 585 1572 de
598 1534 645 1573 bulla
659 1535 796 1585 dispensationis
809 1550 891 1575 securum
900 1547 922 1586 te
971 1580 973 1584 ⁸

189 1597 290 1640 existimas,
304 1594 353 1641 vide,
366 1608 388 1631 ne
401 1604 442 1643 post
455 1604 534 1632 mortem
548 1596 576 1643 (ut
588 1594 642 1644 vulgo
656 1594 729 1644 dicitur)
741 1595 825 1632 illiterato
839 1596 922 1634 daemoni

189 1668 278 1699 occurras,
288 1655 318 1704 qui
327 1654 386 1691 literas
395 1655 469 1699 nesciat,
479 1654 509 1703 qui
519 1653 632 1702 appellationi
641 1667 678 1691 non
688 1654 760 1701 deferat,
770 1655 800 1704 qui
808 1654 922 1704 allegationes

188 1715 308 1751 immunitatis
321 1723 362 1751 tuae
376 1724 484 1751 contemnat.
499 1712 555 1750 Crede
569 1712 620 1756 mihi,
633 1726 670 1751 non
684 1724 710 1750 est
722 1714 796 1760 astutia,
809 1727 854 1763 quae
866 1716 923 1764 possit

188 1773 249 1810 fallere
261 1774 326 1810 Deum.
340 1772 358 1810 O
372 1772 431 1816 miser,
446 1786 456 1810 0
471 1772 550 1818 infoelix,
563 1785 574 1809 o
588 1773 675 1809 insensate
692 1782 778 1822 apostata.
796 1773 844 1817 Quid
857 1774 921 1811 Sancto

187 1832 284 1870 Benedicto
298 1831 413 1881 respondebis
423 1833 444 1869 de
453 1831 572 1880 professione,
581 1844 634 1880 quam
645 1833 726 1880 spernis?
740 1833 789 1876 Quid
802 1835 922 1883 omnipotenti

187 1893 227 1928 Deo
241 1892 262 1929 de
276 1900 327 1937 voto,
337 1890 384 1940 quod
398 1891 509 1928 contemnis?
524 1891 584 1935 Quem
597 1891 615 1927 in
628 1891 659 1929 illo
673 1891 767 1929 tremendo
780 1892 846 1930 iudicio
860 1906 922 1930 causae

187 1960 228 1988 tuae
237 1960 373 2001 procuratorem
386 1951 452 1998 poteris
467 1950 588 1987 constituere?
600 1949 637 1987 Ubi
649 1950 693 1987 nihil
707 1951 773 1999 poterit
786 1950 847 1989 latere:
861 1952 922 1989 omnia

187 2009 211 2046 111
220 2009 274 2054 nuda,
284 2010 344 2046 onnria
357 2019 408 2046 erunt
421 2021 487 2060 aperta.
500 2009 536 2058 Ubi
549 2009 598 2046 locus
611 2011 732 2058 poenitentiae
745 2011 826 2048 salutaris
839 2013 874 2049 iam
885 2025 922 2050 non

188 2069 303 2118 relinquitur:
317 2068 351 2105 Ubi
361 2070 456 2107 excusandi
470 2070 546 2118 spatium
557 2068 639 2107 omnibus
648 2079 728 2120 negatur.
743 2070 791 2114 Quid
804 2071 883 2119 proderit
892 2071 922 2119 ibi,

188 2128 217 2165 hic
226 2137 294 2165 temere
303 2138 415 2176 praesumpta
424 2128 543 2177 dispensatim
558 2141 611 2177 quarn
620 2141 652 2165 nec
660 2128 735 2177 probare
744 2128 803 2165 licebit
812 2131 922 2177 testimonio,

186 2200 219 2224 nec
233 2188 271 2223 iure
284 2186 383 2224 defendere.
399 2188 452 2225 Tunc
465 2186 534 2224 videbis
548 2200 558 2224 o
572 2187 660 2225 Monache
674 2200 764 2236 perverse,
779 2198 821 2225 tunc
834 2188 922 2238 intelliges

187 2246 230 2295 quid
243 2245 312 2283 roboris
325 2246 344 2283 in
357 2259 375 2283 se
389 2248 480 2284 contineat
495 2246 616 2283 fraudulenter
629 2248 725 2295 impetrata
740 2246 816 2293 licentia,
830 2260 870 2285 curn
882 2249 921 2285 vin-

186 2306 253 2343 dictam
273 2305 340 2341 aeterni
359 2304 422 2342 iudicis
440 2306 517 2343 senseris
531 2306 549 2342 in
562 2318 628 2354 poena:
649 2305 698 2350 Quid
711 2305 757 2342 mihi
772 2305 921 2354 dispensationem

186 2364 259 2412 allegas,
274 2363 316 2412 quid
333 2363 423 2401 licentiam
439 2364 525 2414 peccandi
543 2364 646 2412 praedicas?
661 2365 738 2401 Putasne
752 2367 819 2403 summi
831 2367 921 2414 pontificis

186 2424 294 2461 authoritate
307 2424 351 2460 itam
364 2424 397 2461 Dei
411 2434 428 2462 te
442 2437 494 2473 posse
508 2424 596 2473 effugere?
610 2424 674 2462 Audeo
688 2424 756 2462 dicere:
774 2426 823 2463 Nihil
836 2426 867 2464 tibi
880 2440 921 2476 pro-

186 2483 231 2520 derit
248 2482 356 2531 dispensatio
373 2483 440 2532 Papae,
456 2484 471 2520 si
486 2483 559 2528 fraude,
576 2484 591 2520 si
609 2483 661 2529 dolo,
674 2484 689 2520 si
705 2484 810 2532 mendacio,
826 2486 840 2522 si
856 2487 921 2523 iniuste

186 2542 239 2580 fuerit
259 2543 357 2590 impetrata.
375 2543 416 2580 Non
435 2552 461 2579 est
478 2542 546 2580 bonum
565 2555 600 2579 non
620 2552 646 2580 est
665 2543 740 2588 iustum,
759 2544 807 2593 quod
825 2545 877 2582 malis
894 2558 921 2582 ar-

185 2602 232 2639 tibus
246 2602 349 2650 acquiritur.
362 2601 390 2638 Ad
404 2602 555 2651 dispensationem
574 2611 592 2638 ut
605 2601 651 2639 iusta
664 2602 692 2646 sit,
707 2613 784 2651 quatuor
801 2605 921 2653 requiruntur,

185 2663 224 2699 sine
241 2660 305 2710 quibus
325 2661 432 2710 dispensatio
445 2671 463 2698 te
476 2661 551 2699 minime
570 2661 653 2698 salvabit:
674 2662 726 2706 Quae
741 2672 782 2700 sunt
795 2663 836 2701 illa?
854 2665 921 2702 Neces-
