1968 3023
383 121 460 159 Humilia
473 121 521 159 XVI.
786 133 819 168 115

71 207 74 213 ’
86 204 205 249 contritionis,
219 213 235 241 et
249 201 366 241 confessionis
379 202 478 240 remedium
491 212 561 251 peccata
575 202 622 240 dilue
635 203 736 251 praeterita:
751 212 768 239 et
781 214 820 239 ora-

86 263 163 300 tionibus
177 263 259 302 iustando
273 275 313 300 cunr
328 262 424 312 lachrymis
438 272 515 299 mentem
530 272 590 299 contra
604 275 667 300 omnes
681 263 788 300 tentationes
801 263 818 298 in

86 322 120 359 Dei
133 323 222 361 adiutorio
236 323 326 362 confirma.
341 323 369 360 Ad
383 324 448 370 Deum,
458 332 543 372 quantum
553 333 609 371 potes
623 323 641 359 in
654 323 721 359 amoris
735 322 819 359 exercitio

86 391 124 419 esto
134 381 217 426 fervidus,
232 384 252 421 ad
266 383 342 431 teipsum
357 384 374 420 in
388 382 497 420 conscientia
507 394 550 431 pura
559 380 603 419 bene
617 381 730 430 tranquillus,
745 382 766 418 ad
780 394 821 418 con-

85 440 159 478 fratrem
175 450 226 478 tuum
239 442 257 480 in
270 454 310 479 uera
328 441 412 478 charitate
431 441 528 479 ordinatus.
542 440 562 477 In
579 440 682 477 humilitate
696 453 766 489 semper
781 451 819 477 esto

84 501 196 550 praecipuus,
206 502 309 548 constantia,
322 510 339 539 et
353 500 453 538 obedientia
463 499 531 547 firmus,
540 500 620 537 castitate
630 501 701 544 mentis,
712 509 729 536 et
739 501 818 548 corporis

84 558 161 604 nitidus,
175 561 309 597 mansuetudine
322 561 372 609 pius,
387 561 457 597 actione
475 558 585 605 Monachus,
600 559 715 608 perfectionis
729 557 818 596 desiderio

84 619 149 667 iugiter
166 632 256 657 accensus.
271 621 288 657 Si
304 620 339 658 hoc
354 619 462 664 munditiae,
476 633 495 656 ac
513 620 593 668 puritatis
611 632 677 669 genere
694 618 818 657 abstinentiam

84 689 134 716 tuam
144 680 300 724 commendaveris,
314 690 361 717 recte
375 680 467 718 ieiunabis.
481 681 501 717 In
510 679 624 717 meditatione
634 680 724 717 Passionis
738 678 817 723 Domini,

84 749 101 775 et
114 739 210 776 Salvatoris
223 741 279 777 nostri
288 740 326 776 lesu
336 739 404 776 Christi
414 739 507 788 diligenter
516 741 591 776 exercita
601 751 679 776 mentem
689 750 746 785 tunm,
761 740 785 775 ita
798 748 818 775 ut

84 797 132 835 nulla
148 808 245 847 praetereat
263 799 309 844 dies,
322 800 340 835 iu
357 803 392 847 qua
409 799 474 845 vitam,
488 810 504 835 et
517 809 592 844 mortem
611 799 648 835 eius
666 811 706 835 cum
720 800 817 847 gratiarnm

83 858 154 895 actione
168 857 189 894 ad
207 859 265 894 minus
283 858 339 895 semel
356 871 392 895 non
410 859 518 907 percurreris
536 857 638 895 meditando
656 871 697 894 cum
714 858 816 906 lachrymis

84 916 139 954 Rudis
154 917 207 964 enim,
221 927 238 953 et
251 918 327 954 nimium
340 917 441 961 indevotus
455 930 477 954 ne
491 917 553 962 dicam,
566 918 646 966 ingratus
660 928 686 954 est
700 917 817 962 Christianus,

83 978 113 1026 qui
127 979 150 1014 ita
164 977 192 1014 vel
206 977 257 1014 rebus
270 976 399 1026 temporalibus
413 977 532 1025 immergitur,
543 977 571 1013 uel
584 978 641 1014 carnis
655 977 775 1026 voluptatibus
788 990 817 1014 oc-

84 1046 166 1084 cupatur,
177 1047 196 1074 ut
205 1036 323 1086 redemptoris
337 1049 379 1074 suae
392 1037 514 1073 amarissimae
527 1036 616 1073 Passionis
627 1035 706 1085 quotidie
716 1049 752 1072 non
761 1037 817 1073 semel

82 1095 104 1132 ad
118 1092 177 1132 minus
191 1096 255 1145 gratias
269 1096 337 1145 agendo
351 1094 461 1132 recordetur.
480 1093 578 1131 Monachus
596 1105 666 1137 autem,
681 1096 711 1144 qui
724 1093 817 1132 beneficio-

83 1166 123 1190 rum
141 1154 215 1191 Domini
232 1155 288 1191 nostri
301 1153 340 1191 Iesu
359 1153 426 1200 Christi
442 1152 563 1200 obliviscitur,
576 1154 606 1202 qui
623 1154 713 1191 Passionis
731 1154 768 1190 eius
781 1166 816 1191 uon

82 1213 137 1249 semel
151 1213 231 1262 quotidie
245 1226 285 1251 curn
295 1214 480 1262 'gratiarumactione
493 1212 624 1256 reminiscitur,
633 1213 662 1262 qui
675 1226 712 1249 non
726 1213 776 1249 omni
789 1212 817 1250 die

83 1272 100 1308 in
114 1272 154 1321 lege
168 1272 243 1310 Domini
261 1272 365 1321 Evaugelica
382 1272 489 1318 meditatur,
505 1273 634 1322 ingratissimus
651 1274 717 1310 merito
735 1274 816 1311 omnium

81 1332 177 1369 hominum
191 1342 278 1369 censetur.
293 1332 342 1369 Nihil
356 1342 381 1368 est
396 1332 444 1369 enim
463 1331 492 1368 illa
510 1333 589 1370 oratione
605 1333 705 1380 potentius,
720 1345 764 1381 quae
777 1333 816 1370 Deo

82 1391 127 1439 patri
141 1391 215 1428 offertur
229 1393 246 1428 in
259 1392 329 1435 unione,
340 1404 359 1427 ac
368 1392 435 1428 virtute
444 1391 549 1428 Dominicae
562 1390 657 1428 Passionis.
671 1391 719 1428 Iuste
731 1392 816 1428 nimirum

81 1450 192 1487 damnandus
206 1450 235 1487 ille
249 1461 274 1488 est
285 1451 365 1499 spiritus,
376 1451 406 1499 qui
420 1450 554 1498 preciosissimo
568 1450 634 1487 Christi
647 1452 734 1499 sanguine
747 1450 816 1487 redem-

81 1520 127 1558 ptuS,
142 1524 151 1546 a
165 1512 221 1547 carnis
235 1523 276 1548 suae
289 1509 410 1559 voluptatibus
424 1510 519 1557 seducitur,
529 1520 548 1547 ut
561 1520 650 1548 tantorum
665 1524 706 1561 erga
720 1523 738 1547 se
752 1510 815 1548 benefi-

81 1570 151 1606 ciorum
160 1570 194 1606 Dei
208 1582 243 1606 non
256 1569 364 1607 recordetur.
378 1569 432 1607 Nulla
442 1571 489 1607 enirn
499 1582 550 1606 causa
560 1570 599 1615 fuit,
615 1581 634 1606 ut
646 1570 681 1607 Dei
694 1570 742 1607 filius
755 1571 816 1608 Homo

80 1629 141 1676 fieret,
156 1629 190 1666 nisi
204 1630 245 1679 quia
258 1643 290 1667 nos
304 1639 407 1679 peccatores
420 1630 478 1667 voluit
492 1629 598 1676 iustificare,
612 1643 645 1679 pro
663 1630 715 1668 nobis
733 1641 785 1668 natus
798 1633 816 1668 in

81 1689 156 1735 mundo,
169 1701 202 1737 pro
216 1688 266 1726 nobis
279 1702 340 1737 passus
354 1690 372 1725 in
387 1690 461 1733 mundo,
475 1699 492 1726 et
504 1702 537 1738 pro
550 1690 616 1727 nostres
630 1689 727 1726 sceleribus
741 1689 816 1727 crudeli-

80 1759 106 1785 ter
120 1757 202 1785 mortuus
216 1749 234 1784 iu
247 1747 301 1797 ligno.
315 1748 346 1785 Ille
360 1749 417 1784 iustus
433 1749 482 1785 venit
491 1749 509 1785 in
518 1748 610 1791 mundum,
624 1759 643 1785 ut
657 1762 690 1786 nos
705 1748 814 1795 iustificaret,

80 1808 110 1857 qui
124 1819 195 1844 eramus
208 1818 322 1857 peccatores:
336 1808 376 1856 pius
386 1808 435 1844 venit
444 1807 465 1844 ad
475 1806 547 1857 impios,
558 1819 576 1844 ut
584 1808 675 1855 pietatem,
690 1808 816 1854 humilitatem,

80 1877 97 1904 et
115 1867 218 1915 patientiam
232 1866 252 1904 ab
266 1881 287 1905 eo
301 1866 416 1904 disceremus.
430 1868 484 1904 Venit
500 1867 580 1904 medicus
598 1867 619 1905 ad
637 1867 728 1911 infirmos,
742 1868 777 1904 vita
794 1868 816 1905 ad

79 1936 171 1970 mortuos,
186 1928 276 1964 miseratio
290 1926 311 1963 ad
325 1927 439 1976 desperatos,
454 1940 507 1976 quem
521 1940 557 1964 uon
571 1927 632 1965 nostra
649 1929 713 1965 merita
727 1926 748 1964 de
761 1928 815 1965 Caelo

79 1996 172 2022 traxerunt
185 1986 203 2022 in
216 1986 309 2029 mundum,
323 1986 353 2026 sed
367 1995 445 2035 peccata.
459 1987 537 2035 Dignum
553 1997 578 2024 est
591 1987 651 2035 igitur,
665 1986 728 2023 fratres
742 1987 783 2032 mei,
796 1999 815 2023 ut

80 2054 118 2082 t'ota
132 2045 227 2082 devotione
240 2045 274 2083 hoc
287 2037 535 2095 ieiuniumquadragesimale
545 2047 674 2083 sacratissimae
684 2046 765 2083 Passioni
778 2046 814 2082 eius

79 2104 158 2141 dicatum
172 2104 293 2150 celebremus,
308 2106 337 2154 qui
355 2114 404 2142 tanta
422 2118 454 2153 pro
472 2114 533 2142 nostra
546 2105 601 2142 salute
617 2104 673 2142 lacere
687 2106 736 2153 prior
749 2115 775 2141 est
789 2104 815 2141 di-

79 2174 150 2214 gnatus,
165 2165 200 2213 qui,
215 2173 234 2200 ut
247 2176 280 2201 nos
293 2164 314 2201 de
328 2165 401 2201 interitu
414 2165 478 2202 mortis
492 2165 573 2212 eriperet,
586 2165 703 2213 semetipsum
718 2176 750 2212 pro
764 2162 814 2201 nobis

79 2223 121 2260 dare
135 2225 153 2260 in
166 2233 243 2261 mortem
257 2237 293 2261 nou
307 2223 400 2262 dubitavit.
414 2224 494 2273 Agamus
508 2223 574 2261 Christi
591 2236 652 2261 amore
669 2223 753 2273 quicquid
772 2223 814 2260 boni

78 2295 188 2330 possumus,
202 2281 311 2331 perferamus
329 2283 395 2320 intuitu
413 2284 501 2332 passionis
515 2283 567 2331 eius,
581 2292 597 2319 et
613 2283 686 2329 mortis,
700 2295 753 2320 omne
767 2283 814 2331 quod

73 2340 130 2378 nobis
144 2341 254 2379 adversitatis
268 2343 285 2379 in
299 2342 333 2379 hoc
346 2342 415 2379 mundo
428 2341 517 2385 acciderit,
526 2342 610 2390 quoniam
620 2342 709 2378 Dominus
719 2342 773 2386 lesus,
784 2343 813 2390 qui

78 2400 114 2449 pati
128 2413 160 2448 pro
174 2399 225 2437 uobis
239 2414 260 2437 en
274 2401 358 2438 charitate
372 2400 436 2445 voluit,
447 2410 467 2437 ut
480 2413 520 2437 enm
534 2410 573 2438 toto
587 2400 640 2438 corde
654 2400 754 2450 diligamus,
764 2414 814 2447 vera-

79 2459 123 2496 citer
137 2472 155 2496 se
169 2458 294 2508 dignissimum
308 2458 391 2497 ostendit.
405 2460 451 2496 Nam
465 2460 479 2495 si
492 2469 604 2508 peccatorem
618 2471 635 2497 te
649 2458 703 2498 frater
716 2462 812 2509 agnoscis,

79 2532 110 2555 sua
124 2528 141 2555 te
155 2519 236 2555 Christus
250 2528 307 2556 morte
320 2518 400 2556 salvavit.
410 2518 429 2554 ln
443 2518 507 2565 Cruce,
518 2518 609 2567 quomodo
623 2519 680 2566 decet,
693 2520 813 2569 contemplate

78 2577 196 2627 pendentem,
211 2587 228 2614 et
245 2577 265 2615 ab
281 2579 331 2615 omni
347 2591 409 2615 morsu
425 2579 493 2626 peccati
507 2577 600 2616 sanaberis
613 2578 664 2629 Nihil
678 2580 726 2616 enim
744 2581 762 2617 in
778 2581 812 2617 hoc

77 2639 146 2676 mundo
159 2638 246 2686 reperitur
259 2637 347 2674 efficacius
363 2637 385 2674 ad
403 2637 480 2674 curanda
493 2638 611 2676 conscientiae
624 2638 707 2683 vulnera,
722 2640 766 2677 nihil
780 2653 810 2690 po-

871 687 926 712 Mona-

839 722 864 748 cho
879 721 926 747 saltem

838 756 889 783 semel
898 763 926 790 per

838 792 872 818 diem
885 791 925 816 remi-

844 826 920 853 nittendunr

840 862 885 896 passi
889 861 926 887 onis

838 897 915 923 dominicae,

858 1405 925 1431 Adversus

837 1439 894 1474 ingratos
905 1448 925 1465 re·

837 1475 906 1510 denrptori.

856 2235 922 2261 ndhurta-

835 2270 853 2296 tio
860 2270 875 2296 ad
882 2270 923 2296 medi·

835 2306 887 2331 tandam
895 2305 923 2331 Do-

835 2339 866 2365 mini
873 2340 923 2374 passio-

819 2384 821 2387 ·
835 2383 869 2400 nem.
