1968 3023
66 423 133 449 Ohetita-

47 458 64 483 tia
70 461 142 483 armatura

47 499 67 518 est
87 501 133 519 aiona-

46 527 70 553 <ut

65 562 98 588 Ecel.
108 562 120 588 8.

65 598 103 623 Prot.
114 606 134 623 21.

63 1258 89 1288 Qui
99 1258 133 1284 desi·

46 1293 82 1326 gnati
87 1293 133 1319 debeat

46 1327 95 1354 arbas.

82 2510 132 2536 Felices

44 2545 132 2584 ittonachib03

44 2589 76 2606 uum
89 2586 132 2605 nacti

44 2619 113 2645 Abbateru.

157 166 190 203 ¹44
348 158 388 214 [Dc
402 158 518 195 tantitachartau
533 158 623 196 obedientia
635 171 681 196 vura.

155 238 263 287 Quicunque
277 239 332 287 igitur
345 249 425 276 vestrum
441 239 462 276 ad
475 238 598 276 intellectualis
614 238 691 276 stadium
706 242 807 278 certaminis
822 255 892 280 curren-

155 296 197 334 dum
212 298 320 335 convenistis
334 299 351 335 in
366 300 481 346 monasterio,
493 299 593 348 quicunque
606 312 638 348 pro
652 298 719 336 Christi
733 313 794 337 aurore
808 302 891 350 propriae

154 356 242 394 voluntati
256 358 311 394 semel
325 358 447 402 renunciastis,
458 368 474 395 et
488 357 564 404 saeculo,
575 371 607 408 pro
616 359 665 408 galea
678 358 740 396 salutis
754 361 840 398 assumite
853 374 891 398 san-

156 426 201 453 ctam
211 417 338 465 obedientiam,
349 428 365 454 et
379 428 446 455 certam
456 418 476 455 de
486 411 537 455 hoste
551 417 664 467 reportabitis
672 418 773 456 victoriam.
783 418 890 457 Obedientia

155 477 202 512 enirn
216 487 305 514 armatura
318 488 345 514 est
359 477 489 515 monachorum
505 477 610 524 fortissima,
625 478 652 514 cui
667 477 812 527 nullapoterunt
825 492 891 517 nocere

155 535 233 574 adversa.
248 537 295 574 Dicit
309 550 385 587 rratnque
398 537 493 585 Scriptura.
508 537 544 581 Qui
558 538 636 575 custodit
651 548 775 586 praeceptum,
789 552 825 576 non
840 553 890 589 expe-

154 597 209 633 rietur
223 598 319 646 quiequam
335 597 382 635 mali.
396 597 415 634 ln
429 596 527 645 proverbiis
545 610 616 647 quoque
633 599 658 635 sic
672 596 745 636 dicitur:
759 599 792 635 Vir
806 597 890 636 obediens

155 655 238 705 loquetur
248 657 338 694 uictorias.
348 656 454 694 Obedientia
468 657 576 694 monachum
585 658 603 694 in
613 658 681 695 cunctis
693 658 823 695 tentationibus
833 658 891 696 reddit

155 714 286 753 invincibilem:
301 725 317 752 et
331 716 361 764 qui
374 715 453 764 sequitur
466 717 484 752 in
498 715 580 753 omnibus
593 717 669 754 senioris
684 717 712 753 sui
725 717 831 765 consilium,
846 732 890 755 nun-

156 787 209 824 quam
223 776 287 812 sentiet
299 776 369 812 animae
382 774 444 811 salutis
458 773 590 813 detrimentum.
601 775 708 813 Obedientia
721 777 768 813 enim
783 787 809 814 est
818 777 847 814 via
856 777 893 814 bre-

156 835 190 880 uis,
205 845 222 871 et
235 847 301 883 aspera,
316 847 413 884 perquam
428 834 463 871 cito
479 834 500 871 ad
514 834 627 883 perfectionis
641 835 712 872 culmen
730 836 836 873 ascenditur.
850 836 890 874 Mo·

154 893 221 930 nachus
235 904 300 940 autem,
310 894 340 943 qui
350 906 401 931 verus
412 903 438 929 est
447 893 497 930 miles
507 894 580 941 Christi,
589 907 623 932 suo
632 907 724 943 nunquam
735 895 808 933 confidit
817 896 890 943 iudicio,

155 953 185 990 sed
199 954 217 990 in
231 953 314 991 omnibus
329 953 445 990 directionem
460 954 487 990 sui
501 955 590 1003 sequitur,
604 963 622 991 et
635 953 717 991 observat
732 956 815 1003 pastoris.
829 956 890 993 Enim-

155 1027 204 1060 vero,
218 1014 248 1062 qui
262 1026 314 1050 uerus
331 1024 356 1050 est
370 1013 436 1049 Christi
450 1018 527 1060 uitiator,
541 1014 571 1061 qui
586 1013 684 1051 monachus
698 1014 773 1051 omniuo
788 1016 836 1063 cupit
852 1028 890 1052 esse

155 1071 219 1118 fidelis,
230 1072 318 1109 Abbatem
332 1085 384 1109 suurn
398 1080 482 1120 tanquam
492 1072 525 1108 Dei
535 1072 625 1109 Vicariutn
637 1071 700 1120 diligit,
710 1073 783 1121 eiusque
796 1072 898 1123 mandatis,

155 1131 241 1178 consiliis,
252 1142 269 1168 et
279 1130 420 1169 ordinationibus
433 1131 451 1167 in
465 1132 532 1167 cunctis
545 1144 615 1180 semper
629 1131 713 1169 obediens
727 1132 807 1169 hilariter
820 1133 890 1181 acquie-

154 1192 193 1229 scit.
207 1191 263 1235 Quod
276 1190 334 1228 facere
347 1190 446 1228 Monachus
461 1189 568 1228 confidenter
585 1201 604 1228 ut
617 1192 683 1240 possit,
697 1205 734 1229 nou
751 1205 801 1240 puer,
814 1206 851 1230 non
864 1193 890 1229 in-

153 1252 225 1296 doctus,
240 1264 276 1289 non
290 1251 374 1298 carnalis,
389 1264 425 1288 non
441 1251 522 1301 indigens
540 1252 656 1299 discretione,
670 1265 703 1289 nec
720 1254 781 1290 animo
794 1253 848 1301 levis,
862 1254 890 1290 vel

155 1313 258 1360 inexpertus
276 1310 395 1359 spiritualium
413 1311 531 1347 certaminum
549 1311 566 1347 in
579 1310 666 1348 hbbatem
683 1311 801 1359 ordinandus,
815 1312 846 1349 sed
863 1314 890 1349 vir

154 1370 235 1408 moribus
248 1383 308 1417 carrus,
318 1371 336 1406 iu
350 1369 414 1407 divinis
428 1369 523 1418 Scripturis
537 1369 622 1417 eruditus,
635 1370 699 1419 spiritu
713 1369 804 1407 ambulans
817 1371 836 1408 in
849 1385 890 1408 vera

155 1431 291 1467 conversatione
304 1429 409 1474 sanctitatis
423 1430 468 1477 pius,
480 1439 589 1475 mansuetus,
604 1440 663 1466 mente
676 1429 788 1478 tranquillus7
798 1438 850 1479 atque
864 1429 889 1466 di-

154 1499 228 1536 scretus,
242 1489 272 1538 qui
286 1498 303 1525 et
316 1487 401 1537 improbis
418 1487 508 1534 iudiciuin,
522 1497 538 1524 et
554 1487 645 1524 benevolis
658 1488 728 1524 noverit
742 1487 824 1525 exhibete
838 1489 890 1526 mise-

154 1550 248 1586 rationem
263 1549 339 1593 Quoties
355 1550 403 1586 enim
421 1548 476 1585 horno
491 1549 589 1596 inquietus,
604 1547 726 1592 turbulentus,
742 1547 858 1593 indiscretus,
872 1559 889 1585 et

154 1609 248 1658 imperitus
258 1608 315 1645 Abbas
329 1607 459 1645 Monachorunt
473 1607 633 1656 praeficitu1·‚rnon
646 1608 733 1657 regularis
747 1609 851 1657 disciplinae
865 1611 890 1646 in·
910 1625 911 1628 ¹

153 1668 226 1717 tegritas
240 1668 360 1717 naufragatur.
373 1668 449 1705 Necesse
463 1677 490 1703 est
503 1667 632 1705 subiectionem
645 1668 702 1717 perire
716 1668 777 1713 simul,
788 1678 804 1705 et
818 1667 889 1705 humili-

153 1729 193 1764 tatis
207 1727 333 1774 obedientlam,
343 1725 413 1777 quando
423 1725 488 1763 subditi
499 1726 624 1764 confidentiam
637 1737 728 1776 nequeunt
736 1725 805 1764 ¹habere
814 1726 889 1764 firmiter

153 1787 175 1824 ad
188 1797 285 1836 pastorem.
294 1787 347 1834 Nam,
357 1788 372 1823 si
380 1785 439 1824 Abbas
448 1786 510 1823 irrisor
523 1796 549 1823 est
558 1786 633 1823 fratrum
642 1799 724 1831 suorum,
735 1785 763 1823 uel
777 1787 889 1835 importunus

154 1856 267 1895 contemptor
280 1846 403 1892 infirmorum,
417 1846 456 1894 quis
470 1846 536 1894 aperiet
554 1845 577 1882 illi
591 1845 649 1883 cordis
665 1846 692 1881 sui
706 1845 825 1894 quodcunque
839 1858 889 1882 arca-

153 1907 209 1943 num?
223 1906 302 1943 Maxima
319 1906 374 1955 igitur
391 1904 512 1942 sollicitudine
527 1905 545 1941 in
563 1905 650 1953 principio
666 1904 777 1953 vigilandum
795 1904 857 1952 fuerit,
870 1915 890 1942 ut

153 1975 213 2013 pastor
227 1965 316 2001 destitutis
325 1964 389 2001 ovibus
399 1957 439 2000 talis
449 1963 540 2000 ordinetur
553 1963 652 2015 Praelatus,
660 1964 689 2012 qui
698 1963 742 2000 nihil
752 1963 800 2001 aliud
809 1974 889 2013 quaerat,

153 2037 207 2074 quam
221 2025 255 2061 Dei
268 2024 361 2071 honorem,
371 2034 388 2061 et
401 2024 501 2060 animarum
515 2023 596 2060 salutem.
606 2022 711 2070 Monachus
724 2024 754 2072 qui
764 2023 821 2062 ,talem
835 2022 889 2061 fuerit

153 2094 244 2122 assecutus
258 2093 355 2133 pastorem,
368 2083 432 2132 gratias
445 2092 485 2131 agat
498 2083 543 2126 Deo,
558 2083 642 2132 qnoniam
656 2082 683 2117 his
697 2083 763 2118 nostris
777 2082 888 2131 temporibus

152 2157 202 2181 rarus
216 2144 300 2190 occurrit,
310 2144 339 2192 qui
353 2156 372 2180 se
386 2142 466 2191 dignum,
475 2151 492 2179 et
506 2142 590 2179 idoneum
605 2144 622 2179 in
632 2141 715 2179 omnibus
725 2142 796 2193 noverit
805 2141 889 2179 exhibere

152 2204 258 2241 Praelatum.
272 2202 364 2240 Amandus
378 2211 404 2239 est
418 2203 482 2239 merito
496 2216 505 2238 a
519 2200 593 2239 subditis
607 2200 696 2246 omnibus,
712 2210 729 2237 et
743 2210 762 2236 ut
776 2200 843 2237 Christi
856 2202 888 2238 Vi-

153 2265 210 2300 carius
228 2265 246 2300 in
262 2263 373 2300 Monastcrio
387 2262 469 2298 continua
483 2262 597 2298 veneratione
615 2259 736 2312 honorandus
750 2260 859 2308 Aperiantur
872 2261 888 2297 ei

153 2336 214 2360 secure
228 2323 346 2371 cogitationes
360 2321 544 2369 ornniutn,'quonianr
558 2320 602 2357 nihil
616 2319 685 2370 quaerit
698 2318 752 2364 aliud,
763 2332 816 2367 quarn
830 2320 889 2368 profe-

154 2393 202 2420 ctum
220 2382 339 2431 singulorum.
354 2381 371 2418 Si
387 2380 478 2417 Medicum
496 2380 627 2429 aegrotantium
646 2391 742 2426 corporum
760 2388 832 2427 oportet
850 2392 888 2417 esse

152 2442 265 2491 prudentem,
280 2451 378 2491 expertum¹
394 2450 410 2477 et
423 2454 493 2477 summa
508 2440 615 2477 discretione
629 2438 735 2488 praeditum,
749 2448 816 2488 quanto
831 2441 888 2488 magis

153 2501 240 2539 Abbatem
254 2501 304 2538 decet
318 2514 356 2538 esse
370 2500 429 2537 virum
443 2501 538 2548 optimum,
552 2500 582 2549 qui
596 2498 675 2536 Medicus
690 2507 716 2534 est
729 2498 887 2535 anitnarurni'Fe-

152 2561 195 2597 lices
208 2561 300 2606 Monachi,
312 2560 375 2609 quibus
388 2559 455 2603 utilem,
466 2569 483 2596 et
497 2559 580 2596 idoneum
592 2568 682 2607 pastorem
693 2557 726 2594 Dei
740 2558 832 2595 miseratio
847 2570 888 2594 con·
912 2574 914 2577 ·

152 2620 198 2667 tulit,
212 2621 226 2657 si
240 2631 305 2667 tamen,
320 2631 339 2657 ut
352 2621 386 2657 hoc
399 2620 458 2668 ipsum
472 2619 576 2668 intelligant,
592 2619 645 2656 etiam
661 2630 697 2654 nota
711 2618 787 2667 negavit.
802 2616 887 2665 Alioquin

152 2680 238 2716 malarum
252 2680 313 2716 ouitun
329 2689 389 2728 pastor
406 2677 463 2716 bonus
481 2680 498 2714 in
512 2691 542 2714 sua
556 2676 662 2714 rectitudine
678 2689 714 2713 non
728 2676 843 2725 agnoscitur,
857 2675 888 2712 sed
