1968 3023
64 1958 94 1985 Lat.
104 1958 124 1985 18.

47 1993 88 2019 Orate
97 1993 124 2019 sine

38 2027 124 2054 intermissio·

37 2071 53 2088 ne
58 2063 124 2097 praecipue

38 2104 62 2123 esr
71 2105 84 2123 m
88 2106 95 2123 o
99 2106 107 2123 n
110 2107 124 2124 a·

38 2132 96 2159 chorum.

65 2436 104 2463 Ronr.
113 2436 125 2461 8.

47 2626 59 2644 r.
65 2617 105 2644 ‘l‘hes¹
114 2625 125 2652 ς.

144 144 167 191 48
332 144 381 192 Quod
393 147 426 183 sine
439 146 559 184 intermissione
571 147 592 183 sit
604 147 690 184 ordiniano.

144 222 228 262 dicentis:
242 224 283 262 Sive
298 224 398 273 comedam,
412 227 450 263 siue
467 224 534 272 bibam,
549 226 586 263 siue
603 225 649 263 aliud
666 225 708 275 quid
726 225 796 271 faciam,
810 239 879 277 semper

144 296 180 320 vox
193 283 223 321 illa
236 283 307 322 videtur
319 297 382 322 sonare
395 286 413 323 in
426 284 498 322 auribus
511 286 567 331 meis,
582 285 650 336 Surgite
668 287 742 333 mortui,
756 296 773 323 et
787 286 846 324 venite
858 288 879 324 ad

144 342 236 382 iudicium.
251 344 327 389 Quoties
341 344 388 382 diem
400 345 451 383 illum
470 346 531 394 cogito
545 345 600 382 futuri
617 347 708 391 examinis,
722 356 772 384 totus
791 345 849 395 corde,
863 359 880 384 et

144 415 221 452 corpore
235 405 359 442 contremisco,
373 404 423 442 Unde
437 406 452 442 si
466 419 500 455 qua
513 405 611 454 praesentis
624 407 669 443 vitae
687 416 714 442 est
728 406 802 452 laetitia,
817 406 879 445 fratres

144 464 187 509 mei,
202 464 227 501 ita
240 463 308 513 agenda
321 474 352 507 est,
366 474 385 500 ut
398 464 499 502 amaritudo
513 464 560 501 illius
573 465 660 503 tremendi
674 465 734 503 iudicii
748 478 839 515 nurrquam
852 480 878 504 re-

144 523 195 561 cedat
208 537 217 560 a
230 524 323 561 rnenroria.
337 524 354 561 O
367 523 403 562 dies
420 524 450 561 illa
468 537 539 573 magna,
552 523 641 571 terribilis,
655 524 747 563 tremenda
765 526 848 572 nimium,
862 536 879 563 et

144 596 204 620 arnam
216 583 277 621 valde:
290 583 308 620 in
321 596 355 632 qua
368 583 403 630 Sol,
417 595 434 621 et
447 585 498 621 Luna
511 582 659 630 obscurabuntur,
671 597 709 621 non
720 585 840 622 diminutione
852 584 878 622 lu·

144 643 206 690 minis,
224 643 255 681 sed
273 643 403 691 comparatione
421 645 529 681 maiestatis:
544 643 573 680 ubi
591 643 664 681 cessabit
682 658 736 681 omne
753 654 877 693 argumentum

145 703 276 740 excusationis:
291 701 320 739 ubi
333 703 392 739 onrnia
405 715 457 740 erunt
474 702 577 741 manifesta:
591 703 669 753 nihilque
686 703 741 740 latere
755 703 834 741 Iudicem
847 717 878 751 po·
899 753 900 756 Ἴ

145 764 196 802 terit:
210 763 295 812 quonium
312 763 341 811 qui
358 766 408 800 novit
423 763 502 801 occultas
521 763 637 811 cogitationes
655 765 748 808 mentium,
763 774 805 801 tunc
822 764 879 813 palam

145 822 238 860 iudicabit:
253 823 283 871 qui
296 835 328 859 nec
340 823 396 871 gratia
410 824 530 871 praevenitur,
541 836 573 860 nec
586 823 708 861 misericordia
721 822 806 869 flectitur,
818 837 878 861 laturre·
933 856 935 858 ,

144 878 199 924 ribus,
214 890 230 917 et
245 880 296 917 donis
309 893 344 918 non
358 882 486 929 corrumpitur,
497 879 579 929 precibus
591 893 626 918 non
639 881 756 931 mitigabitur,
766 894 799 918 nec
812 881 879 919 satisfa-

145 940 205 978 ctione
217 941 254 977 iam
268 939 349 988 deinceps
358 939 416 989 aliqua
429 939 533 988 placabitur.
546 940 566 976 ln
579 939 611 976 hac
623 941 678 990 igitur
690 941 727 978 uita
741 941 800 989 positi,
811 939 879 988 fratres,

145 1010 185 1047 agat
199 1000 321 1048 rrrrnsquisque
334 1010 413 1036 vestrum
430 1012 463 1048 pro
481 1000 539 1036 aninra
556 1012 592 1043 sua,
606 1009 691 1049 quiritum
709 1008 780 1048 potest:
795 1000 878 1048 quoniam

144 1059 254 1107 poenitentia
268 1067 381 1107 peccatorum
394 1058 428 1096 hic
436 1057 482 1095 lacta
492 1058 551 1095 solum
564 1069 590 1095 est
599 1059 651 1106 utilis,
661 1068 678 1096 et
691 1058 790 1104 fructuosa,
801 1058 878 1107 quandiu

145 1117 195 1155 locus
209 1129 236 1155 est
248 1119 317 1164 veniae,
328 1128 344 1155 et
353 1120 440 1156 sententia
453 1118 511 1156 adhuc
525 1117 604 1155 differtur
612 1118 697 1155 Iustitiae.
708 1118 745 1161 Qui
758 1116 803 1154 bene
816 1117 878 1162 facere,

145 1189 164 1212 ac
179 1178 308 1226 poenitentiam
321 1190 372 1227 agere
384 1178 443 1218 differt
457 1191 514 1227 usquc
527 1176 549 1213 ad
562 1187 643 1222 mortem,
657 1177 767 1213 daurnatiorri
781 1186 807 1213 est
821 1178 878 1224 prori-

145 1250 195 1276 mus:
210 1233 296 1287 quoniam
309 1235 381 1281 bortum,
391 1238 440 1288 quod
449 1250 508 1284 sanus,
518 1249 535 1274 et
544 1237 639 1274 incolumis
648 1237 728 1286 negligit,
739 1250 779 1274 raro
793 1236 878 1284 infirmus,

145 1306 162 1333 et
176 1298 212 1334 iam
222 1298 320 1334 moriturus
328 1296 437 1334 instaurabit.
447 1297 496 1334 Dicit
506 1297 554 1333 enim
564 1296 637 1334 Sanctus
645 1297 692 1346 Papa
702 1297 811 1345 Gregorius:
825 1296 879 1341 Quis·

145 1356 185 1404 quis
198 1356 319 1405 poeniteutiae
331 1354 397 1392 fructus
411 1356 481 1393 differre
495 1368 551 1404 usque
564 1355 586 1392 ad
599 1357 660 1393 rnortis
674 1356 738 1393 horam
756 1368 792 1393 non
810 1357 887 1406 metuit,

144 1415 183 1462 ipse
197 1414 230 1452 sibi
243 1416 294 1451 testis
308 1424 339 1460 est,
352 1415 400 1463 quod
417 1416 510 1463 poenitere
528 1415 613 1452 veraciter
630 1428 719 1464 rrarrrquam
733 1416 751 1452 in
765 1415 802 1451 eius
820 1425 878 1453 nieme
922 1411 925 1415 ’

144 1474 184 1513 fuit.
197 1475 250 1513 Nunc
268 1487 310 1523 ergo
327 1476 425 1512 convertite
443 1487 476 1511 vos
490 1473 512 1511 ad
525 1474 623 1511 Dominum
640 1484 722 1512 nostrum
738 1475 756 1511 in
769 1484 809 1511 toto
826 1475 878 1513 corde

144 1544 205 1571 vestro
220 1534 346 1583 poenitentiam
363 1544 435 1582 agentes
454 1547 515 1570 coram
529 1533 566 1579 illo,
580 1543 597 1569 et
610 1535 635 1571 sic
647 1535 712 1578 vivite,
722 1546 790 1582 precor,
805 1543 824 1569 nt
837 1547 877 1571 cunr

145 1592 187 1631 hinc
201 1593 315 1642 migrandum
328 1592 386 1636 luerit,
400 1605 485 1642 apparere
499 1603 539 1629 ante
552 1592 614 1637 faciem
628 1594 664 1631 eius
678 1606 714 1631 non
728 1592 812 1631 timeatis.

272 1722 319 1759 Quod
328 1721 361 1752 sine
371 1722 489 1753 iirlerrirt'ssr'one
498 1722 520 1752 sit
529 1722 613 1753 orandum.
624 1722 695 1753 Hoiiiilr'a
706 1722 754 1752 VIII.

191 1844 264 1876 oramus,
282 1845 301 1869 ac
318 1831 398 1869 Salvator
414 1843 476 1870 noster
493 1832 543 1869 lesus
560 1831 640 1869 Christus
657 1832 675 1868 in
690 1831 794 1881 Evangelio,
808 1830 877 1879 fratres,

144 1847 189 1936 D
200 1902 281 1929 sanctum
294 1892 365 1938 Lucam,
374 1892 436 1930 volens
445 1905 478 1929 nos
488 1891 583 1929 continuos
593 1904 631 1928 esse
640 1892 657 1928 in
667 1890 783 1937 orationibus
792 1891 816 1928 ita
829 1904 878 1940 prae-

144 1952 216 1989 monuit
230 1952 300 1988 dicens:
315 1951 391 1999 Oportet
404 1964 476 1999 semper
489 1956 545 1994 orare,
560 1959 576 1987 et
590 1964 680 2000 rarnqnam
693 1950 775 1987 deficere.
789 1950 829 1987 Hoc
842 1951 878 1988 Do-

145 2012 190 2048 mini
205 2011 303 2053 ,consilium
320 2023 360 2060 prae
378 2012 445 2048 cunctis
463 2009 570 2047 mortalibus
587 2011 663 2047 ammiane
679 2009 730 2047 decet
743 2009 848 2057 Monachos,
862 2020 878 2048 et

145 2083 208 2114 ornares
222 2070 241 2107 iu
254 2081 358 2119 quacunque
370 2069 456 2119 religione
466 2068 575 2106 claustrales:
588 2081 664 2116 quorum
678 2068 737 2105 omnis
750 2068 802 2112 actio,
812 2078 829 2105 et
841 2078 879 2106 tota

144 2129 187 2176 vitra,
200 2130 258 2166 immo
271 2128 355 2178 quicquid
368 2127 439 2173 faciunt,
449 2137 479 2165 ant
493 2128 551 2165 oratio
564 2140 601 2164 esse
615 2126 671 2173 debet,
682 2136 713 2163 aut
726 2126 789 2164 saltem
803 2128 878 2165 orationi

144 2189 243 2226 conforme.
252 2189 340 2225 Dicuntur
353 2188 399 2225 enim
412 2200 449 2225 non
462 2186 529 2236 absque
538 2187 606 2223 ratione
615 2186 721 2236 spirituales,
731 2187 833 2235 quicunque
846 2187 879 2223 mi-

144 2247 201 2285 litiam
210 2248 317 2297 profitentur
326 2247 449 2294 Monasticum,
459 2257 546 2297 quatenus
555 2246 593 2294 ipso
603 2255 709 2283 moneantur
718 2244 811 2290 uocabulo,
822 2248 877 2284 carnis

144 2307 246 2357 voluptates
260 2320 291 2356 pro
301 2307 334 2343 Dei
348 2319 408 2344 anrore
421 2316 545 2350 contemnere,
560 2314 576 2342 et
589 2318 620 2354 per
628 2318 687 2342 veram
701 2305 808 2342 charitatem
821 2305 838 2343 iu
852 2319 877 2342 ar-

144 2366 188 2404 dore
206 2367 279 2415 spiritus
296 2364 391 2403 ambulare.
404 2367 453 2403 Dicit
470 2378 541 2414 nanque
554 2364 628 2401 Sanctus
641 2364 708 2401 Christi
720 2363 825 2411 Apostolus.
841 2365 878 2410 Qui

145 2426 162 2462 in
177 2439 229 2463 carne
242 2435 291 2472 sunt,
301 2425 369 2474 placere
382 2438 417 2463 uon
431 2434 516 2474 possunt:
530 2424 619 2473 quoninrn,
633 2424 647 2460 si
660 2423 759 2460 secundum
770 2435 840 2461 caruem
853 2425 877 2461 vi·
930 2445 933 2451 ι

144 2486 212 2530 neritis,
222 2485 331 2523 moriemini:
345 2486 359 2521 si
372 2495 431 2523 autern
441 2486 505 2534 spiritu
515 2484 561 2520 fucta
570 2483 626 2520 carnis
639 2482 797 2528 traortificaucritis,
812 2483 878 2521 vivetis.

145 2544 207 2581 Sciens
221 2555 280 2582 autern
293 2544 330 2582 sine
343 2545 428 2582 orationis
442 2544 527 2581 instantia
544 2542 633 2580 fervorem
650 2543 712 2591 spiritu
730 2541 761 2579 diu
778 2540 829 2578 nobis
842 2555 878 2579 non
928 2544 930 2546 ’

145 2617 199 2653 posse
212 2603 312 2647 subsistere,
327 2604 389 2640 iterum
398 2604 420 2641 ad
429 2603 599 2640 Thessalonicenses
609 2603 642 2640 ait:
655 2602 729 2650 Semper
743 2600 828 2650 gaudete3
841 2602 878 2639 sine

146 2662 279 2700 intermissione
296 2671 354 2709 orate3
368 2662 385 2699 iu
398 2661 481 2700 narratibus
499 2662 564 2711 gratias
581 2661 634 2709 agite,
648 2661 733 2710 quoniam
750 2659 795 2696 haec
808 2667 834 2696 est
847 2672 878 2698 vo·
