1968 3023
384 128 516 181 HamiltasllH.
794 143 816 181 27

81 214 156 263 potestis
173 213 284 251 voluntatem
297 211 331 249 Del
348 210 400 260 plane
417 222 535 259 cognoscere,
549 220 567 248 et
583 220 646 248 contra
662 211 735 249 insidias
752 211 818 250 diaboli

80 273 177 311 fortissime
190 285 223 310 vos
236 283 310 308 armare.
324 270 371 307 Nam
385 270 399 306 si
413 269 461 306 iuxta
475 269 585 319 Apostolum
598 270 673 307 Paulum
687 271 770 309 Christus
783 273 817 310 Dei

80 333 136 369 virtus
149 341 181 379 est,
194 342 211 368 et
224 331 258 368 Dei
272 329 364 379 sapientia,
380 329 410 378 qui
423 329 480 365 nescit
493 328 597 377 scripturas,
608 331 664 367 nescit
677 330 711 368 Dei
724 332 816 379 virtutem,

81 401 99 429 et
111 392 221 441 sapientiam,
235 399 252 427 et
264 390 356 427 Christum
370 388 463 438 quomodo
477 387 532 424 sciet?
546 388 648 438 ignorantia
662 390 710 427 enim
723 392 817 440 scriptura-

81 464 126 499 rum,
140 452 239 501 ignorantia
252 459 278 486 est
291 449 369 486 Christi:
385 457 402 484 et
415 448 446 497 qul
459 448 516 484 nescit
525 447 624 495 Christum,
634 448 655 486 ad
665 450 701 486 eius
715 464 751 488 non
765 453 818 500 perti-

81 510 129 548 nebit
143 511 258 556 consortium,
272 518 333 546 sancto
347 508 417 546 dicente
430 507 560 556 Chrisrophilo,
574 510 660 558 quoniam
675 510 730 559 siquis
748 511 818 560 ignorat

82 579 136 616 certe,
151 579 168 606 et
180 567 296 617 ignorabitur.
309 568 383 612 Quanto
397 576 457 605 autern
471 568 510 617 quis
523 568 542 604 in
555 567 614 605 studio
629 569 730 607 divinarum
743 571 818 620 scriptu·

81 642 141 666 ratum
154 629 211 677 magis
224 627 305 665 assiduus
319 627 378 674 ruent,
391 636 441 664 tanto
455 640 477 663 ex
490 639 551 665 earum
563 628 641 666 lectione
655 629 743 667 maiorem
756 630 819 668 iutelli-

82 688 168 736 gentiam,
178 696 196 723 et
205 686 333 723 dulcitudinent
344 686 396 733 capit.
406 686 443 722 Vos
451 697 512 737 autem
525 688 604 724 manime
613 686 663 725 decet
673 687 736 726 fratres
749 690 818 726 divinas

82 747 178 795 scripturas
191 744 269 795 quotidie
278 744 359 793 legendo,
369 755 387 781 et
397 745 481 782 discendo
491 745 590 792 revolvere,
600 746 664 796 quibus
678 757 694 784 et
707 757 778 799 tenipus
789 762 816 787 co·

81 808 153 856 piosurn
165 805 186 842 ab
197 801 346 854 'occupationibus
359 804 443 842 feriatum
457 805 567 852 conceditur,
578 816 595 843 et
608 807 659 844 locus
673 809 744 847 raritate
758 823 818 847 occur—

82 867 158 903 rentium
172 866 213 902 satis
227 866 333 901 conveniens
347 864 505 901 alemannicum
514 878 547 902 vos
556 866 627 913 hortor,
641 876 659 903 et
672 880 746 915 moneo,
760 870 775 905 si
788 883 817 906 ve-

32 942 33 945 *
82 934 137 962 stram
150 924 225 961 salutern
239 924 318 973 diligitis,
328 933 348 959 ut
357 924 424 960 divinas
434 923 519 961 lectiones
533 926 551 961 in
564 925 645 962 manibus
655 940 726 976 semper
734 927 817 974 habeatis,

83 994 169 1033 quatenus
182 996 236 1020 omne
249 992 327 1031 tempuS,
342 982 390 1031 quod
403 982 455 1019 vobis
469 993 510 1032 post
523 985 610 1022 orationis
624 986 692 1022 cultum
708 987 746 1024 sine
759 987 818 1025 labore

83 1043 198 1094 permittitur,
211 1043 233 1080 ad
245 1054 305 1078 sacrae
322 1043 421 1091 scripturae
438 1044 518 1080 studium
536 1044 651 1092 expendatur.
664 1046 706 1083 Non
721 1059 819 1095 praetereat

84 1104 121 1140 dies
135 1102 176 1147 ulla,
190 1101 252 1139 iratres
266 1102 308 1147 mei,
321 1103 339 1137 in
352 1101 500 1150 qua'monachus
516 1102 589 1140 Christo
602 1104 680 1142 militans
698 1118 735 1144 non
753 1106 818 1156 aliquid

83 1162 130 1212 legat
137 1175 158 1200 en
165 1163 219 1199 sacris
226 1160 353 1205 volutantibus.
361 1161 409 1210 quod
417 1174 457 1197 eum
466 1162 484 1198 in
491 1172 552 1198 sancto
559 1164 653 1210 proposito
660 1164 712 1201 faciat
719 1166 818 1205 meliorem.

84 1222 133 1266 Quin
146 1223 205 1271 potius
215 1220 251 1258 divi
260 1220 367 1267 Hieronymi
380 1222 463 1269 sequatur
477 1220 572 1257 consilium
584 1220 664 1261 dicentis:
674 1223 713 1260 Sint
722 1226 819 1274 scripturae

85 1293 155 1329 semper
168 1281 187 1317 ln
200 1277 280 1316 inanibus
294 1279 369 1323 divinae,
383 1289 400 1316 et
413 1279 478 1327 iugiter
490 1290 551 1330 mente
564 1280 666 1329 volvantur,
680 1295 712 1320 nec
725 1284 756 1322 tibi
772 1285 819 1323 suffi-

85 1349 124 1377 cere
141 1348 193 1389 putes
210 1339 292 1377 mandata
308 1339 343 1375 Dei
360 1340 458 1375 memoriae
474 1340 577 1387 recondere,
591 1341 625 1377 nisi
638 1341 709 1379 studeas
722 1344 751 1381 illa
767 1346 820 1383 etiam

84 1399 167 1449 operibus
180 1399 281 1448 adimplere.
290 1399 331 1434 Duo
342 1398 389 1434 euim
399 1399 448 1434 Deus
458 1398 534 1445 anobis,
543 1399 606 1437 fratres
616 1403 658 1448 mei,
669 1403 749 1452 requirit.
758 1405 819 1448 Primo

85 1462 131 1497 enirn
144 1460 182 1496 vult
193 1472 226 1496 nos
235 1459 280 1495 scire
290 1458 420 1494 sanctissimam
433 1458 544 1495 voluntatem
558 1472 615 1506 suam,
626 1462 704 1499 secundo
714 1474 733 1501 ut
742 1467 819 1515 agnitam
832 1473 833 1476 ’

84 1521 175 1557 iaciamus.
188 1519 236 1556 Scire
249 1528 308 1555 autern
323 1518 360 1553 eius
374 1516 457 1554 inundata
469 1531 506 1555 non
519 1531 622 1566 possumus,
636 1522 651 1557 si
660 1515 764 1562 ¹divinarum
778 1529 820 1565 scri-

83 1590 175 1629 pturarum
189 1578 281 1615 scientiam
295 1578 406 1625 ignoremus.
420 1577 483 1625 Neque
497 1579 609 1615 voluntatem
622 1580 656 1617 Dei
670 1580 724 1629 lacit,
738 1586 768 1634 qui
781 1600 819 1625 eam

49 1672 51 1675 Α
84 1640 160 1688 ignorat,
173 1651 230 1687 neque
243 1637 283 1682 scit,
294 1638 325 1685 qui
333 1648 370 1672 non
380 1636 447 1672 didicit.
456 1637 525 1673 Discito
535 1637 596 1685 igitur,
606 1651 650 1687 quae
660 1642 682 1677 sit
692 1642 726 1680 Dei
739 1641 821 1684 voluntas

85 1696 210 1748 beneplacens,
224 1706 243 1733 ut
260 1696 323 1734 iacias:
336 1694 390 1732 facito
409 1697 509 1744 cognitam,
523 1707 543 1733 ut
560 1698 637 1746 amplius
654 1701 748 1751 intelligas.
761 1705 820 1745 Nemo

84 1759 132 1795 euim
141 1758 175 1795 Dei
184 1757 295 1794 voluntatem
308 1755 371 1792 melius
381 1755 471 1804 intelligit,
481 1769 534 1805 quarn
544 1757 579 1803 ille,
589 1758 619 1806 qui
628 1761 720 1808 cognitam
730 1776 820 1804 examore

85 1817 130 1854 facit.
144 1818 204 1866 Itaque
217 1818 232 1853 si
246 1816 358 1852 doctissimus
374 1815 474 1852 divinarum
488 1817 617 1864 scripturarum
630 1820 754 1868 paraphrastes
772 1827 820 1874 cupis
866 1837 928 1867 ortibus

84 1877 164 1920 evadere,
177 1889 213 1913 non
227 1889 236 1913 a
249 1875 315 1921 verbis,
329 1875 382 1912 seda
396 1876 461 1911 sanctis
475 1876 560 1925 operibus
574 1877 658 1915 scientiae
671 1880 751 1918 studium
764 1883 820 1922 discas
840 1873 927 1933 {ffissmsclflj

85 1937 174 1974 inchoare.
188 1937 240 1973 Tunc
253 1936 300 1972 enim
314 1947 372 1972 sacrae
384 1936 467 1972 lectionis
481 1935 554 1972 uberem
569 1938 820 1989 comprehendesscientiam,
840 1948 889 1977 prusae.

85 1997 101 2033 si
114 1996 201 2033 mundum
215 1996 321 2032 custodieris
335 2008 365 2031 cor
378 2005 429 2032 tuum
443 1995 464 2032 ab
478 1996 529 2032 omui
542 2007 623 2045 peccato,
638 2007 655 2034 et
668 1998 739 2037 fervens
754 2003 773 2039 in
787 2003 821 2040 Dei

85 2068 147 2093 amore
161 2065 239 2092 sanctam
253 2065 370 2104 compunctus
379 2056 444 2105 iugiter
454 2055 550 2092 revolveris
560 2057 672 2105 scripturam.
684 2059 760 2099 Scientia
773 2063 821 2099 eninr

86 2117 186 2153 divinarunt
199 2118 327 2164 scripturarum
340 2115 385 2151 altus
399 2125 500 2160 emmens,
514 2116 532 2150 in
545 2128 581 2164 quo
600 2129 641 2153 cum
658 2118 732 2156 domino
748 2121 821 2170 Moyses

86 2177 171 2226 loquitur,
184 2176 206 2212 ad
219 2189 272 2226 quem
286 2174 380 2213 ascendere
397 2175 483 2212 vitiorum
499 2175 580 2213 sordibus
598 2177 677 2225 pollutus
692 2179 747 2217 homo
760 2181 821 2229 prohi-

87 2237 143 2274 betur.
157 2237 186 2273 Sic
199 2249 268 2285 nanque
281 2237 299 2272 in
312 2236 374 2272 Exodo
387 2235 458 2284 legitur:
472 2235 545 2281 Cavete,
556 2248 578 2272 ne
591 2238 689 2275 ascendatis
703 2239 721 2275 in
733 2251 821 2289 montem,
841 2258 882 2286 Esou.
893 2267 913 2294 19·

86 2310 119 2334 nec
132 2297 208 2345 tangatis
220 2297 265 2333 fines
279 2296 331 2332 illius.
345 2295 416 2338 Omnis¹
426 2296 456 2344 qui
469 2297 548 2343 tetigerit
561 2306 647 2341 montem,
657 2308 715 2335 morte
728 2301 821 2339 morietur.

86 2358 126 2395 Sive
139 2358 239 2394 iumentum
252 2356 310 2400 fuerit,
320 2355 358 2392 sive
373 2356 436 2400 homo,
445 2367 482 2391 non
494 2356 548 2392 vivet.
557 2356 619 2393 Homo
628 2358 643 2393 si
655 2358 727 2407 quidem
740 2372 821 2399 montem

87 2418 152 2467 tangit,
165 2425 182 2452 et
195 2416 277 2459 motitur,
291 2416 361 2465 quoties
375 2416 414 2464 quis
427 2414 517 2451 literatura
530 2416 605 2452 seculari
621 2417 702 2467 turgidus
719 2420 737 2456 in
754 2420 822 2470 simpli-

83 2479 140 2515 citate
154 2476 253 2513 divinarum
266 2476 395 2523 scripturarum
408 2473 542 2511 scandalizatur.
552 2475 610 2512 Bestia
618 2488 661 2514 vero
670 2489 751 2516 montem
760 2482 823 2530 tangit,

88 2550 105 2577 et
120 2536 206 2588 lapidibus
220 2537 310 2580 obruitur,
325 2536 395 2584 quoties
410 2534 464 2571 homo
482 2535 578 2572 carnalium
596 2536 657 2574 lurore
668 2541 773 2587 passionum
790 2543 823 2578 im-

88 2611 158 2638 mersus
172 2599 194 2637 ad
207 2610 265 2637 sacrae
279 2597 376 2647 scripturae
390 2594 469 2633 studium
483 2608 518 2633 non
531 2604 617 2647 purgatus
630 2599 691 2636 animo
704 2600 824 2651 progreditur.

82 2666 108 2704 st
122 2676 164 2714 ergo
178 2665 262 2706 lectiones
276 2660 375 2700 divinarunt
384 2664 518 2714 scripturarum
531 2663 626 2700 salubriter
639 2662 693 2700 vultis
707 2662 795 2711 evolvere,
810 2664 825 2702 si
