1968 3023
384 155 461 194 Humilia
473 155 522 194 VIII.
798 168 819 206 55

85 235 200 286 inquisitione
213 236 318 282 discutiunt,
332 248 372 272 suas
386 248 428 273 vero
447 235 547 272 discernere
564 234 679 285 negligentias
696 245 820 274 contemnunt.

85 296 104 333 ln
118 296 199 334 moribus
213 306 254 333 sunt
268 295 354 342 dissoluti,
370 305 387 332 et
401 295 524 344 incompositi,
538 295 556 331 iu
568 293 625 332 verbis
639 295 690 340 leves,
705 306 723 332 et
740 296 820 344 clamosi,
858 296 927 356 nupturas

85 355 106 392 ad
120 355 241 393 obedientiam
255 355 374 400 involuntarii,
388 363 405 391 et
418 367 489 404 semper
502 354 520 390 in
534 353 584 391 bonis
598 353 680 403 operibus
695 355 747 400 tardi,
762 366 779 392 et
792 369 820 392 ac·
841 339 928 406 1111111111

86 414 130 451 cidia
144 414 197 462 pleni.
207 414 315 452 Communia
328 413 395 450 ordinis
408 414 492 450 exercitia
506 412 603 462 negligunt.
613 414 685 461 privatis
699 415 748 451 iusta
757 414 821 452 volun-
840 406 876 427 ‘¹⁰²¹'

85 482 138 509 tarem
152 474 244 522 propriam
257 473 355 510 intendunt.
369 472 390 508 Et
404 472 482 522 quandiu
496 472 513 509 in
527 484 558 508 sua
569 472 669 509 temeritate
678 484 789 521 permanent,
799 473 821 511 ad

84 544 145 570 verum
159 533 194 570 Dei
207 545 288 570 amorem
302 545 337 569 non
347 541 462 581 consurgunt.
476 531 560 575 Audiam,
570 530 612 581 quid
620 532 710 570 Dominus
720 532 771 577 dicat,
781 546 820 571 mo-

30 596 32 601 ‘
85 591 136 629 nachi
153 592 236 641 propriae
249 590 345 628 voluntatis
362 601 457 628 amatores.
476 591 518 628 Non
531 591 581 634 veni,
595 599 614 626 ut
631 590 694 629 faciam
708 591 820 630 voluntatem
841 599 898 634 11111.

85 664 150 697 meam,
167 652 198 690 sed
213 652 256 696 eius,
270 652 299 700 qui
312 651 361 688 misit
373 664 410 697 me,
423 651 488 688 Patris.
501 652 561 697 Hunc,
571 650 639 697 fratres,
648 661 783 701 praeceptorem
797 662 822 689 at-

85 710 158 756 tendite,
173 710 195 748 ad
209 711 259 748 cuius
273 710 391 748 imitationem
404 711 439 747 nisi
452 711 540 756 vixeritis,
559 711 596 747 sine
613 711 671 748 lructu
685 710 764 749 orabitis.
778 712 820 748 Eius

85 782 154 821 nanque
168 770 269 807 orationem
284 769 358 806 libenter
371 769 441 806 exaudit
455 768 554 812 Dominus,
568 770 597 818 qui
611 769 693 806 mandata
706 770 744 807 eius
758 771 776 807 in
789 784 820 807 ve-

85 829 135 866 ritate
149 828 232 866 custodit.
247 828 283 872 Qui
296 841 338 864 vero
351 828 385 865 Dei
398 827 503 872 inundatum
516 827 653 877 transgreditur,
670 830 701 878 qui
718 831 775 866 carnis
789 842 819 867 vo-

84 887 167 936 luptates,
182 899 199 925 et
212 887 275 924 mundi
288 887 350 924 solatia
363 899 404 924 cum
417 887 506 936 desiderio
516 888 599 935 sequitur,
608 887 645 923 eius
655 889 712 925 oratio
722 900 758 925 non
768 902 820 925 exau-

86 946 137 985 ditur.
155 948 205 984 Deus
223 960 293 996 nanque
310 946 375 989 iustus,
390 956 407 982 et
424 956 483 982 rectus
501 955 543 982 tunc
560 944 660 982 orationem
677 955 726 983 tuam
744 946 819 985 libenter

84 1007 167 1044 exaudire
181 1006 264 1049 creditur,
278 1005 348 1055 quando
362 1018 418 1051 mens,
430 1014 448 1041 et
461 1005 497 1041 vita
511 1004 558 1042 bona
570 1004 623 1041 simul
632 1005 754 1054 deprecantur.
764 1006 819 1044 Cuius

84 1076 144 1103 autem
158 1065 270 1103 conversatio
284 1065 323 1102 Deo
337 1064 422 1113 displicet,
437 1065 496 1101 oratio
512 1066 549 1100 eius
567 1065 657 1113 quomodo
671 1064 757 1114 placebit?
771 1066 819 1103 Deus
839 1071 876 1097 roan.
885 1078 897 1103 a·

85 1126 132 1162 enim
145 1125 218 1173 spiritus
232 1132 268 1171 est,
282 1135 299 1161 et
311 1123 372 1168 homo,
387 1124 417 1173 qui
430 1136 468 1160 non
481 1124 499 1159 in
513 1123 582 1171 spiritu,
595 1123 626 1160 sed
639 1124 656 1161 in
671 1137 723 1161 carne
736 1125 820 1173 ambulat,

85 1193 131 1221 certe
144 1184 166 1221 ad
179 1185 240 1221 Deum
253 1184 327 1220 minime
341 1183 477 1232 appropinquat.
491 1182 520 1218 Tu
529 1183 595 1231 itaque,
606 1183 700 1230 monache,
712 1184 743 1233 qui
754 1184 775 1221 ad
788 1198 820 1233 pu-

85 1244 154 1281 ritatem
168 1242 268 1292 Evangelii,
282 1252 299 1279 et
312 1242 383 1292 regulae
396 1254 433 1279 non
446 1241 531 1286 ambulas,
546 1243 576 1291 qui
589 1244 685 1292 propriam,
693 1256 730 1281 non
742 1244 775 1281 Dei
789 1258 820 1282 vo·

85 1302 170 1340 11111111]
185 1314 240 1346 amas,
251 1302 301 1346 scito,
311 1302 395 1350 quoniam
405 1301 508 1338 orationum
517 1311 588 1338 tuarum
596 1314 633 1339 non
641 1303 706 1341 senties
716 1303 820 1351 efficaciam,

83 1363 117 1399 nisi
132 1362 182 1412 prius
196 1359 318 1398 emendaveris
332 1362 392 1398 vitam.
405 1360 446 1398 Nisi
460 1361 507 1397 enim
522 1362 633 1399 conversatio
642 1365 737 1401 tuaevitae
747 1377 820 1402 concor-

86 1422 154 1459 daverit
172 1421 262 1465 orationi,
281 1433 318 1458 1011
335 1419 449 1469 impetrabis,
467 1419 516 1469 quod
533 1422 616 1469 precaris.
633 1422 684 1459 Tunc
697 1436 762 1473 magna
776 1437 820 1462 voce

84 1481 150 1518 clamas
160 1480 182 1518 ad
191 1480 298 1525 Dominum,
308 1480 378 1528 quando
388 1480 443 1516 etiam
452 1479 512 1528 lingua
521 1489 589 1517 tacente
597 1479 647 1517 bonis
657 1482 740 1530 operibus
748 1483 819 1521 clamas.

84 1540 180 1577 Orationes
195 1539 244 1575 enim
258 1536 319 1581 borrae,
333 1548 350 1574 et
364 1538 475 1575 conversario
493 1538 539 1575 mala
556 1538 600 1575 nihil
617 1538 657 1577 boni
673 1551 771 1580 merentur.
785 1543 819 1580 Fac
838 1550 887 1577 Eccles.
897 1558 917 1577 21.

84 1612 132 1647 ergo,
147 1598 195 1648 quod
210 1599 280 1646 sapiens
293 1596 364 1647 quidum
377 1598 455 1634 monuit:
470 1597 491 1633 Et
506 1598 521 1634 si
531 1599 611 1647 peccasti,
621 1612 656 1636 non
665 1600 736 1638 adiicias
746 1603 818 1640 iterum:

83 1658 114 1695 sed
128 1666 144 1695 et
158 1657 239 1706 pristinis
253 1656 352 1705 deprecare,
366 1666 384 1692 ut
399 1656 430 1693 tibi
440 1655 558 1695 dimittantur.
568 1658 615 1695 Ante
626 1650 726 1698 orationem
735 1675 820 1711 praepara

83 1718 160 1754 animam
174 1727 230 1760 tuam,
245 1725 262 1752 et
275 1716 312 1753 noli
326 1728 364 1753 esse
378 1717 427 1764 quasi
441 1715 509 1762 homo,
528 1717 558 1765 qui
575 1726 630 1754 tentat
647 1718 712 1758 Deum.
731 1722 757 1758 Sit
768 1735 820 1759 mens

84 1790 132 1826 pura,
147 1786 165 1813 et
178 1776 242 1813 ardens
256 1776 274 1812 in
286 1788 347 1812 amore
360 1775 442 1820 Domini,
457 1776 480 1812 sit
494 1777 602 1813 conscientia
612 1777 684 1825 munda,
693 1790 711 1817 et
719 1781 738 1817 in
749 1792 819 1819 sanctae

84 1837 226 1874 conversationis
240 1838 333 1885 proposito
347 1835 437 1882 roborata,
453 1846 469 1872 et
483 1837 517 1872 erit
530 1838 587 1874 011110
601 1837 663 1874 divinis
676 1838 748 1877 ratribus
763 1851 819 1890 grata.

83 1896 102 1933 Si
115 1897 168 1933 aliter
179 1897 264 1942 oraveris,
278 1895 321 1932 nihil
334 1895 443 1945 impetrabis.
456 1896 504 1933 Bene
517 1899 599 1947 orat,qui
613 1896 657 1935 bene
666 1900 721 1937 vivit:
737 1910 754 1937 et
768 1899 820 1939 facile
856 1912 925 1938 11011111

84 1957 174 2005 impetrat,
192 1956 223 2004 qui
236 1956 301 1992 sanctis
319 1953 401 2004 operibus
418 1965 463 1993 orat.
481 1955 563 2005 Denique
579 1957 635 1994 oratio
648 1958 725 1995 multum
739 1960 819 1997 redditur
839 1946 926 1974 l⁰l“⁰‘³tf⁰'

84 2016 149 2062 efficax,
164 2025 181 2052 et
194 2024 245 2063 grata
258 2015 276 2052 in
290 2025 385 2063 conspectu
399 2015 440 2061 Dei,
453 2015 468 2051 si
486 2014 539 2052 suerit
556 2017 606 2053 omni
622 2026 703 2066 tempore
718 2031 817 2056 consonans
843 2025 925 2067 emperan-

82 2075 159 2126 passioni
169 2075 243 2112 Domini
256 2075 312 2111 nostri
325 2075 364 2111 lesu
378 2074 450 2111 Christi.
465 2074 547 2111 Christus
561 2076 607 2112 enim
620 2077 669 2113 Deus
679 2088 709 2114 est
723 2088 740 2114 et
752 2078 816 2125 homo,
837 2066 925 2121 bilbilim

82 2134 170 2172 mediator
184 2135 230 2171 inter
244 2134 308 2178 Deum,
322 2143 339 2170 et
352 2147 392 2180 nos,
406 2146 437 2182 per
451 2146 504 2183 quem
518 2144 576 2171 turum
590 2147 681 2172 accessum
697 2136 783 2175 habemus
797 2139 818 2175 ad

82 2204 156 2243 patrem,
171 2196 218 2230 sicut
232 2194 269 2243 ipse
283 2201 356 2230 testatur
370 2193 387 2230 in
401 2202 463 2230 sancto
472 2193 579 2242 Evangelio:
588 2194 652 2239 Nemo,
662 2197 724 2245 iuquit,
735 2198 784 2234 venit
797 2198 817 2235 ad
837 2202 903 2235 Ιο11111-

81 2253 152 2290 Patrem
166 2252 201 2289 nisi
214 2266 246 2302 per
259 2264 293 2289 me.
307 2252 359 2289 Unde
372 2252 420 2289 11111
433 2263 532 2300 praetereat
546 2252 588 2297 dies,
598 2254 616 2289 in
625 2268 659 2303 qua
668 2256 746 2300 Christo,
756 2256 778 2294 ad
787 2258 819 2294 mi-

82 2325 114 2349 nus
124 2312 185 2356 semel,
197 2312 266 2349 orando
275 2312 339 2360 gratias
348 2325 383 2349 1011
393 2326 439 2361 agas,
449 2314 479 2362 qui
489 2325 563 2349 suorum
576 2313 637 2351 dolore
645 2316 740 2353 vulnerum
749 2318 819 2355 animae

81 2380 122 2409 tuae
135 2373 204 2408 sanavit
218 2371 321 2421 languores,
333 2373 363 2421 qui
375 2373 481 2421 sanguinem
494 2385 527 2420 pro
540 2382 558 2409 te
575 2386 627 2410 suum
640 2374 707 2422 ell'udit,
725 2385 742 2412 et
760 2387 819 2414 morte

82 2443 113 2467 sua
125 2431 275 2468 innocentissima
289 2431 310 2468 de
324 2432 386 2468 mortis
400 2440 497 2480 perpetuae
515 2432 587 2469 interitu
603 2443 620 2469 te
636 2434 722 2471 miserum
737 2435 818 2474 redemit.

28 2536 30 2539 ᾖ
82 2490 142 2528 Homo
158 2500 206 2527 certe
220 2491 351 2539 ingratissimus
365 2501 397 2537 est,
410 2501 427 2528 et
441 2491 537 2529 christiano
546 2491 633 2529 vocabulo
644 2493 734 2543 indigum,
744 2496 774 2545 qui
783 2505 820 2532 tan-

83 2559 142 2587 torum
156 2549 286 2587 beneficiorum
300 2549 365 2587 Christi
379 2563 434 2600 usque
448 2551 493 2588 adeo
507 2550 560 2588 luerit
573 2551 675 2597 obliviosus,
692 2564 761 2593 11111011
775 2570 819 2605 quo-

82 2609 132 2655 tidie,
151 2609 179 2646 vel
198 2609 254 2646 semel
273 2609 294 2646 ad
311 2610 369 2646 minus
385 2610 483 2659 gratiarum
501 2610 527 2647 illi
540 2610 603 2649 referat
620 2614 704 2651 actiones.
719 2614 819 2653 Monachus

82 2678 148 2715 autem,
159 2670 190 2720 qui
204 2668 275 2707 saeculo
285 2680 365 2707 mortuus
376 2670 415 2708 Deo
424 2670 459 2708 soli
469 2671 529 2708 vivere
538 2670 612 2717 iubetur,
622 2671 722 2712 dominicae
731 2676 819 2725 passionis
