1968 3023
158 131 191 166 114
328 117 354 155 Da
367 116 508 168 qraadragasiruoli
520 118 580 155 ieiunio
593 117 716 155 aaronaclaarara.

156 199 173 236 in
187 211 205 235 se
218 198 323 246 postulantis
333 211 426 235 assumens
440 198 457 234 in
472 197 524 235 corde
537 211 569 235 sno
583 198 638 235 dicat:
654 196 703 241 Quid
717 197 765 244 mihi
774 195 812 234 fieri
824 196 889 233 vellern

155 258 172 294 in
186 258 220 295 hoc
233 259 309 306 negocio
323 258 422 295 secundum
436 267 506 294 rectutn
520 257 603 295 iudicium
620 257 706 300 rationis,
719 257 734 293 si
748 269 805 294 essem
818 257 836 293 in
849 268 888 304 per·
924 273 925 277 ¹

155 330 199 354 sona
207 316 325 366 postulantis?
339 317 436 354 Enimvero
449 318 464 354 si
477 315 528 354 abbas
541 318 649 366 imaginetur
662 330 681 354 se
695 315 793 362 subditum,
802 316 889 353 nulluma

155 391 173 415 se
187 377 264 415 dimittet
277 377 325 415 abire
339 378 469 415 contristatum.
483 377 565 414 Diximus
579 377 619 421 iarn,
630 375 698 419 fratres,
709 376 769 425 quales
782 389 815 413 vos
828 376 889 413 deceat

154 451 192 475 esse
206 450 238 486 pro
251 438 285 474 Dei
299 450 360 474 amore
374 436 395 474 ad
409 449 449 483 nos,
463 447 483 473 ut
496 436 578 474 monachi
592 438 687 473 existentes
700 435 743 473 boni
756 436 835 473 Domino
848 436 888 473 lesu

155 498 172 533 in
185 497 259 533 veritate
272 496 361 544 placeatis.
376 494 457 532 Audistis
470 495 595 540 nihilominus,
610 495 681 545 qualern
699 508 732 544 ego
750 508 779 532 rne
796 495 846 533 vobis
860 495 888 532 de·
936 509 937 512 ¹

154 555 204 593 bearn
217 554 298 592 exhibere
312 565 414 603 pastorem:
429 554 477 603 quod
491 554 633 598 utrum-faciam,
647 567 711 600 necne,
725 567 757 591 vos
771 555 804 603 ipsi
818 553 887 600 melius,

154 627 207 664 qnam
220 615 263 663 ipse,
277 612 383 651 indicabitis.
397 613 468 650 Frustra
480 615 528 650 enim
542 613 665 659 ieiunabimus,
680 622 697 650 et
711 613 780 650 nullum
794 614 888 663 quadrage·

154 673 220 711 sinaalis
234 673 357 710 observantiae
370 672 450 709 fructum
463 673 579 718 inveniemus,
594 673 628 710 nisi
642 686 705 710 omnes
719 673 737 709 in
749 685 790 710 vera
803 672 888 710 charitate

154 732 229 770 fraterna
242 745 282 769 curn
296 732 373 781 puritate
387 730 445 769 cordis
463 733 481 768 in
496 732 529 768 Dei
547 744 607 769 amore
626 733 782 781 permanserimus.
796 730 887 775 Quidnam

154 791 226 842 prodest
240 790 261 828 ad
273 800 364 828 aeternam
377 791 463 837 salutem,
476 803 507 839 per
522 791 656 837 abstinentiam,
671 800 688 828 et
705 791 792 828 ieiunium
809 790 887 839 affligere

154 865 224 901 corpus,
238 862 255 889 et
268 852 285 888 in
299 864 340 889 vera
354 851 440 888 charitate
453 852 580 889 ecclesiasticae
595 852 666 889 unionis
677 865 738 889 coram
747 853 786 889 Deo
799 865 835 889 uon
848 865 887 889 esse

154 912 262 949 concordes?
275 912 311 948 Ant
324 911 367 960 qnid
381 911 469 949 conducet
479 924 488 947 a
498 910 540 948 cibis
550 910 637 949 abstinere
650 910 761 956 lautioribus,
771 921 788 948 et
797 912 887 949 conscien-

153 972 196 1008 tiam
214 970 284 1009 foedare
298 970 389 1019 operibus,
404 972 441 1008 sive
457 970 593 1020 cogitationibus
609 971 673 1009 anulis?
689 972 714 1008 Ut
731 973 777 1009 enim
795 972 834 1008 Deo
851 972 886 1008 sint

153 1041 208 1080 grata,
222 1043 265 1080 qnae
280 1031 414 1074 inchoavimus,
428 1031 502 1074 ieiunia,
516 1032 634 1068 necessarium
648 1042 684 1078 est,
698 1041 717 1077 ut
730 1032 765 1068 sint
778 1045 814 1068 non
828 1031 885 1068 solnm

153 1091 214 1136 aliena,
228 1100 245 1127 et
258 1100 327 1127 remota
340 1103 349 1126 a
363 1091 418 1133 vitiis,
432 1099 485 1139 atque
498 1091 582 1139 peccatis,
597 1090 628 1128 sed
642 1092 696 1128 etiam
710 1091 796 1127 virtutum
810 1091 886 1138 plenitu-

153 1150 193 1187 dine
206 1150 286 1187 omniurn
301 1149 389 1187 decorata.
403 1150 451 1186 Dicit
464 1150 511 1186 enim
525 1162 573 1186 sacer
582 1148 700 1187 Ambrosius:
714 1150 764 1194 Quid
778 1149 849 1199 prodest
862 1150 885 1186 ie-

153 1210 212 1246 iunare
221 1207 323 1252 visceribus,
339 1218 356 1245 et
369 1208 455 1246 luxuriari
469 1207 603 1246 venationibus?
617 1208 706 1246 abstinere
720 1222 729 1245 a
743 1208 792 1255 cibis,
803 1219 820 1246 et
829 1222 886 1246 errare

152 1269 239 1317 peccatis?
253 1268 281 1304 An
295 1269 362 1317 putatis
376 1268 427 1305 illum
442 1269 520 1305 ieiunare
533 1267 601 1314 fratres,
611 1269 642 1317 qui
650 1268 710 1317 primo
724 1268 802 1306 diluculo
815 1281 851 1306 non
864 1269 885 1306 ad

151 1328 244 1366 ecclesiam
257 1328 329 1377 vigilat,
343 1341 380 1365 non
398 1327 491 1365 beatorum
510 1337 608 1376 martyrum
627 1337 688 1364 sancta
701 1327 742 1365 loca
757 1328 842 1377 requirit,
854 1328 884 1365 sed

152 1402 203 1426 mane
216 1400 289 1437 surgens
300 1397 397 1437 congregat
411 1388 496 1431 servulos¹
509 1388 586 1435 disponit
599 1388 649 1431 retia,
660 1387 743 1436 producit
757 1400 815 1434 canes,
825 1388 884 1435 saltus,

152 1448 240 1497 silvasque
250 1447 351 1496 perlustrat,
361 1460 430 1493 servos,
441 1448 519 1497 inquam,
529 1460 589 1484 secum
599 1448 695 1495 protrahit,
703 1447 790 1494 fortassis,
799 1448 854 1498 magis
864 1448 885 1485 ad
897 1450 899 1453 “

152 1506 243 1544 ecclesian]
256 1505 373 1543 festinantes?
386 1505 514 1555 Voluptatibus
528 1507 564 1543 suis
577 1515 649 1555 peccata
662 1506 763 1544 accumulat
777 1507 841 1552 aliena,
855 1520 884 1544 ne-

151 1566 209 1602 sciens
223 1578 271 1602 reuna
285 1578 304 1602 se
317 1565 398 1602 futurum
412 1574 447 1601 tarn
462 1565 483 1602 de
496 1578 529 1602 suo
542 1564 617 1611 delicto,
632 1578 686 1613 quam
700 1565 722 1602 de
734 1566 834 1614 perditione
847 1579 882 1603 ser-

151 1636 221 1662 vorum.
237 1625 259 1660 Et
271 1616 393 1661 sanctus-Leo
406 1624 458 1672 Papa.
476 1624 518 1661 Non
532 1625 549 1661 in
562 1623 599 1660 sola
612 1622 719 1661 abstinentia
733 1624 768 1661 cibi
780 1635 815 1661 stat
828 1626 882 1662 nostri

97 1700 99 1704 ’
151 1697 220 1721 sumnia
234 1683 299 1721 ieiunii.
312 1682 365 1719 Haud
375 1684 423 1720 enim
432 1683 522 1720 fructuose
532 1684 601 1731 corpori
611 1696 651 1719 esca
660 1683 776 1729 subtrahitur,
786 1685 820 1721 nisi
833 1697 883 1721 mens

150 1744 171 1780 ab
189 1744 238 1780 onini
256 1743 349 1792 iniquitate
365 1752 465 1780 revocetur.
479 1743 534 1779 Divus
552 1756 623 1792 quoqne
642 1743 765 1791 Hieronymus
782 1744 816 1781 ait:
834 1744 883 1788 Quid

150 1801 222 1851 prodest
232 1814 295 1850 corpus
305 1802 374 1839 tenuari
384 1801 495 1845 abstinentia,
505 1802 520 1838 si
530 1802 599 1838 animus
608 1802 713 1838 intumescit
726 1802 820 1851 superbia?
834 1803 882 1847 Quid

150 1862 220 1898 virtutis
234 1860 286 1898 habet
299 1862 362 1897 vinnm
376 1874 411 1898 non
425 1859 490 1907 bibere,
504 1871 520 1898 et
533 1862 564 1904 ira,
578 1861 627 1907 odio,
641 1862 751 1911 caeterisque
768 1863 836 1900 anianae
849 1875 881 1900 ve-

149 1921 221 1957 nenosis
239 1918 319 1957 inebriari
334 1920 415 1968 poculis?
428 1920 487 1957 Nemo
503 1920 557 1968 igitur
574 1916 654 1957 vestrum
669 1921 690 1958 de
703 1921 742 1957 sola
754 1920 788 1958 sibi
802 1920 882 1959 ciborum

148 1980 253 2017 abstinentia
266 1981 360 2028 promittat
373 1980 496 2026 sanctitatem,
510 1981 594 2029 quoniam
611 1980 696 2030 quicquid
710 1980 804 2029 aduveratn
821 1982 881 2030 poeni-

148 2040 222 2076 tentiam
235 2039 337 2087 requiritur,
351 2040 405 2075 etiarn
415 2039 481 2076 ieiunio
491 2040 616 2076 necessarium
625 2039 719 2077 iudicatur.
733 2040 820 2077 Contritis
833 2041 880 2077 euim

148 2112 180 2147 pro
194 2098 269 2146 peccatis
283 2098 300 2134 in
313 2110 356 2135 vero
370 2098 500 2135 emendationis
513 2099 605 2148 proposito
625 2099 691 2136 ieiunia
705 2099 814 2136 adsalutem
828 2099 881 2149 profi·
919 2110 921 2113 ·

148 2159 205 2203 ciunt,
219 2159 248 2207 qui
262 2156 326 2204 bonis,
342 2166 359 2194 et
373 2158 438 2194 sanctis
452 2156 615 2206 operibusfervide
630 2158 720 2195 insistunt.
739 2157 791 2195 Unde
804 2159 881 2196 ieiunan-

148 2217 194 2253 tibus
207 2229 216 2252 a
229 2216 274 2259 cibo,
288 2226 305 2253 et
318 2225 368 2265 potu,
383 2229 392 2252 a
407 2217 474 2253 cunctis
488 2217 542 2253 etiam
551 2215 675 2254 abstinendum
689 2226 716 2254 est
729 2217 783 2262 viriis,
796 2226 880 2265 quatenus

147 2289 196 2314 niens
210 2277 297 2312 virtutum
310 2284 372 2312 ornata
386 2275 451 2312 decore
463 2276 481 2312 in
495 2275 561 2312 Christi
574 2289 635 2313 amore
649 2276 726 2312 dulciter
739 2275 815 2322 ferveat,
830 2287 846 2314 et
859 2276 880 2313 ab

147 2336 219 2372 intimae
233 2334 372 2372 conversationis
387 2333 468 2383 profectu
484 2335 557 2372 minime
570 2345 655 2383 tepescat.
669 2334 792 2372 Abstinentiae
805 2348 881 2384 namque

147 2396 201 2431 virtus
219 2394 277 2440 nulla,
290 2395 305 2430 si
319 2393 410 2431 charitatis
424 2407 460 2431 non
475 2394 525 2431 fuerit
539 2394 621 2443 operibus
636 2393 724 2430 decorata.
738 2393 806 2430 ldcirco
820 2407 880 2431 rneutn

146 2454 186 2491 audi
199 2467 210 2491 o
223 2453 309 2492 nronache
323 2453 424 2497 consilium,
435 2454 449 2490 si
463 2454 489 2490 vis
503 2454 589 2491 ieiunium
602 2453 660 2490 facere
675 2465 735 2490 corana
749 2454 788 2491 Deo
802 2453 879 2491 fructuo-

146 2526 197 2550 sum:
212 2515 229 2550 in
243 2514 304 2563 primis
318 2525 396 2562 expurga
411 2514 538 2550 conscientiam
552 2523 601 2550 tuam
615 2512 636 2550 ab
651 2512 701 2550 omni
718 2513 787 2550 macula
803 2514 878 2563 peccati,

146 2582 165 2609 ut
178 2572 226 2609 nulla
239 2575 256 2609 in
269 2581 286 2609 te
300 2583 393 2609 remaneat
407 2573 550 2621 concupiscentia
563 2572 610 2616 mali,
625 2582 645 2608 ut
658 2585 708 2610 mens
722 2572 740 2609 in
753 2574 836 2610 exercitio
849 2572 879 2609 fiat
920 2615 930 2624 ,k

145 2631 201 2668 divini
214 2632 279 2669 amoris
293 2630 367 2677 fervida,
376 2641 394 2668 et
403 2632 421 2667 in
430 2631 498 2668 cunctis
508 2631 603 2668 virtutibus
617 2631 728 2669 laudabiliter
742 2643 831 2670 exornata.
846 2633 878 2669 Per
