1968 3023
357 123 434 162 Humilia
448 122 485 160 XX.
756 131 787 167 143

54 215 107 255 atque
119 205 198 244 divitiae:
209 216 226 244 et
237 207 344 243 memoriam
353 205 461 243 Dominicae
474 202 562 253 passionis
574 202 592 238 in
602 210 663 239 mente
672 201 738 251 iugiter
747 213 788 248 pos·

53 266 110 304 sidere
124 280 176 316 super
190 280 251 305 ornnes
265 266 327 304 mundi
341 265 401 315 epulas
414 263 489 302 dulcedo
499 272 525 300 est
535 262 618 299 mamma.
629 260 736 299 Obedientia
749 273 788 297 mo-

54 327 129 364 nachum
143 327 190 374 facit,
200 336 217 364 et
228 326 326 363 humilitas:
336 327 365 376 qui
379 335 438 362 nutem
450 322 521 376 rebellis
535 331 568 367 est,
580 330 596 358 ct
606 319 698 369 superbus,
707 318 786 356 habitum

53 386 90 424 siue
104 400 156 424 causa
169 395 227 435 portat
241 386 366 423 monasticum.
377 384 486 423 Obedientia
499 392 526 419 est
540 382 558 418 in
572 391 632 418 niente
644 381 685 417 viva
698 377 787 416 membro-

53 459 92 483 rum
106 447 205 484 voluntaria
220 444 341 491 mortificatio,
357 446 406 483 cuius
420 454 490 481 tantum
508 452 534 480 est
551 441 643 491 dignitatis
659 440 754 485 meritum,
768 447 787 474 ut

53 507 108 545 homo
122 507 166 545 nihil
176 506 238 544 habeat
251 507 314 553 maius,
324 506 372 555 quod
384 506 406 542 sit
416 507 433 542 in
443 505 477 541 Dei
487 503 576 541 honorem
590 501 708 538 offerendum.
719 498 788 536 Offerat

52 568 174 617 unusquisque
183 579 216 615 pro
226 566 259 603 Dei
268 578 335 612 amore,
345 565 393 615 quod
403 574 468 614 potest,
477 563 508 600 ille
518 560 579 612 procul
590 560 645 598 dubio
655 559 694 609 plus
704 556 786 596 omnibus

52 624 125 673 obtulit,
139 627 169 675 qui
182 625 293 663 voluntatem
306 626 397 674 propriam
411 633 484 672 propter
498 623 557 658 Deum
570 633 602 670 per
616 619 735 657 obedientiam
750 630 786 654 mn-

52 685 110 723 ctavit,
121 685 206 735 Magnum
216 684 287 734 quidenr
302 694 328 721 est
338 683 405 722 bonum
421 682 513 720 facultates
527 694 567 718 suas
577 692 650 730 propter
660 679 727 718 Christi
737 690 786 715 amo-

51 756 89 781 rem
102 746 119 781 in
133 757 174 781 usus
190 756 288 793 pauperum
305 742 421 789 distribuere,
435 753 451 780 et
465 742 542 790 inopiam
561 741 652 789 egentium
666 737 786 785 eleemosynis

51 803 135 842 relevare.
148 804 217 841 Verum
231 812 297 852 quanto
311 804 355 850 parti
374 802 502 851 praeponderat
518 810 584 846 totum,
598 810 664 849 quanto
679 798 785 835 necessitate

50 862 128 901 nobilius
138 855 249 906 estliberum
259 861 355 899 voluntatis
365 861 465 908 arbitrium,
474 870 560 909 quantum
571 868 635 896 aterra
645 859 697 896 distat
707 858 785 903 coelum,

51 931 100 960 tauto
114 923 170 971 magis
183 921 212 958 ille
226 920 296 967 obtulit,
306 921 336 970 qui
350 921 466 969 semetipsum
480 932 512 968 pro
522 919 555 955 Dei
569 931 630 956 amore
644 928 740 967 spontanea
753 930 785 954 vo-

50 982 117 1021 luntate
131 992 217 1032 perpetuo
230 981 329 1030 abnegavit.
340 980 432 1030 Quicquid
446 981 493 1018 enim
503 978 611 1016 substantiae
620 978 724 1027 temporalis
733 977 785 1014 obtu-

49 1042 90 1079 leris
104 1043 148 1086 Deo,
159 1054 196 1079 non
209 1051 266 1087 tuum,
276 1040 307 1077 sed
320 1040 398 1077 alienum
412 1050 444 1087 est,
454 1049 471 1076 et
485 1039 567 1085 minoris,
577 1050 631 1087 quam
640 1038 740 1087 proprium,
749 1047 785 1073 tam

50 1102 185 1148 aestimationis,
194 1114 246 1150 quam
259 1099 351 1138 mercedis.
361 1100 424 1137 Unum
433 1098 487 1136 habes
496 1092 595 1147 proprium,
606 1097 655 1146 quod
663 1109 716 1145 supet
725 1096 785 1133 onmia

49 1163 89 1200 Deo
102 1162 158 1211 placet
172 1160 257 1199 oblatum.
272 1159 321 1205 Quid
337 1159 372 1197 hoc
385 1160 420 1196 nisi
433 1159 516 1196 voluntas
529 1157 590 1204 libera,
603 1170 657 1207 quam
671 1156 785 1205 omnipotens

50 1221 124 1259 Creator
139 1222 157 1258 in
170 1230 201 1257 tua
213 1229 302 1270 potestate
315 1219 422 1257 collocavit?
435 1218 523 1256 Voluntas
540 1227 600 1254 autem
614 1217 660 1255 bona
676 1217 744 1254 cunctis
758 1227 784 1253 est

50 1281 107 1318 maior
120 1280 192 1327 divitiis,
202 1293 236 1329 qua
248 1278 292 1316 nihil
301 1279 340 1316 Deo
350 1279 425 1317 offertur
438 1278 498 1322 ditius,
508 1277 552 1315 nihil
562 1288 675 1315 consecratur
689 1276 783 1324 acceptius.

48 1339 88 1376 Hoc
102 1340 140 1377 Deo
154 1352 219 1376 rnnnus
232 1339 392 1388 preciosissimum,
403 1338 466 1375 fratres
480 1338 520 1384 mei,
534 1337 589 1374 semel
603 1336 699 1383 obtulistis,
712 1336 783 1385 quaudo

48 1400 173 1447 vosmetipsos,
187 1407 204 1435 et
218 1399 279 1435 omnia
291 1398 381 1435 mundana
395 1410 428 1446 pro
443 1398 480 1434 eius
494 1396 563 1434 honore
576 1395 683 1446 abnegantes
697 1395 783 1432 monasti-

48 1471 89 1495 cum
102 1454 182 1495 habitum
196 1457 283 1495 induistis,
297 1457 408 1495 Mementote
421 1456 529 1503 verborum,
542 1453 615 1506 precor,
629 1466 700 1494 sanctae
716 1455 784 1505 profes-

48 1518 189 1563 sionisvestrae,
200 1527 217 1554 et
228 1530 325 1566 numquam
339 1516 410 1554 recedat
424 1517 529 1554 amemoria
538 1515 624 1553 solemnis
638 1515 668 1553 illa
681 1514 783 1564 promissio,

48 1590 101 1626 quam
115 1578 235 1626 unusquisque
243 1586 322 1614 vestrum
334 1578 352 1614 in
362 1587 458 1626 conspectu
468 1578 502 1614 Dei
512 1589 573 1614 coram
582 1576 633 1613 nobis
644 1577 703 1614 emisit
713 1575 782 1613 dicens:

47 1636 84 1685 Ego
102 1635 164 1673 fratres
182 1637 257 1673 loannes
274 1636 361 1685 promitto
379 1635 504 1683 stabilitatem,
520 1645 537 1673 et
555 1636 692 1673 conversionem
710 1647 783 1691 mptum

47 1708 140 1742 meorum,
154 1705 171 1732 et
187 1694 306 1733 obedientiam
324 1695 423 1733 secundum
440 1695 521 1745 regulam
538 1696 594 1732 suncti
612 1694 703 1733 Benedicti
722 1690 782 1730 coram

46 1755 93 1802 Deo,
107 1764 123 1792 et
136 1755 202 1792 sanctis
218 1755 256 1792 eius
269 1756 287 1791 in
300 1754 334 1792 hoc
348 1756 464 1802 monasterio,
478 1755 526 1804 quod
541 1764 665 1793 constructum
678 1765 705 1792 est
718 1755 735 1791 in
750 1753 782 1789 ho-

46 1827 89 1852 nore
107 1813 152 1851 beati
165 1814 247 1859 Martini,
261 1815 280 1851 in
296 1815 395 1864 praesentia
408 1816 475 1852 Domni
489 1815 561 1852 loannis
574 1813 646 1853 abbatis.
660 1815 706 1852 Ecce
721 1814 781 1850 vincu-

46 1873 83 1911 lum
96 1887 132 1923 quo
142 1887 174 1911 uos
188 1873 209 1910 ad
218 1872 337 1910 obedientiam
349 1874 449 1911 voluntarie
463 1874 584 1917 astrinximus,
594 1886 637 1911 ecce
646 1873 717 1920 utilitia,
728 1886 781 1922 quam

46 1934 121 1982 professi
134 1946 201 1984 sumus,
215 1934 264 1971 Haec
277 1935 325 1970 enim
338 1943 379 1971 sunt
393 1944 444 1981 vota,
458 1946 503 1983 quae
518 1933 638 1971 distinxerunt
651 1932 696 1970 labia
710 1943 780 1970 nostra:

46 1993 89 2030 haec
103 2002 150 2040 sunt,
159 2006 203 2043 quae
217 1992 313 2030 obtulimus
327 1994 373 2041 Deo,
383 1994 421 2043 piae
435 1993 536 2031 devotionis
550 1992 640 2031 sacrificia.
651 1994 708 2036 Certe,
718 1992 780 2029 fratres

46 2052 87 2098 mei,
96 2064 160 2101 magna
173 2061 219 2096 sunt,
230 2065 274 2101 quae
288 2054 409 2101 promisimus,
420 2062 437 2090 et
450 2054 508 2091 maior
519 2051 606 2090 incumbit
620 2053 671 2090 nobis
684 2053 779 2090 necessitas

46 2111 141 2157 custodire,
151 2110 199 2160 quod
210 2112 286 2160 professi
295 2125 363 2150 sumus.
372 2113 412 2151 Nisi
425 2113 473 2149 enim
483 2112 560 2149 fideliter
573 2113 703 2149 servaverimus
714 2112 779 2158 omnin,

45 2182 90 2218 quae
102 2169 154 2208 nobis
171 2171 233 2219 regula
250 2171 285 2208 divi
298 2172 352 2220 patris
367 2173 425 2209 nostri
438 2172 528 2209 Benedicti
541 2173 637 2221 praecipit,
652 2172 780 2221 omnipotentis

39 2229 79 2265 'Dei
91 2230 158 2267 iustitia
167 2243 200 2267 nos
214 2240 233 2267 ut
242 2231 328 2280 periuros,
338 2241 355 2269 et
366 2232 431 2280 impios
445 2241 586 2281 transgressores
599 2233 677 2281 graviter
691 2230 779 2268 iudicabit

44 2288 100 2326 Valde
109 2302 186 2339 namque
194 2290 314 2338 periculosum
328 2300 354 2327 est
363 2291 473 2339 promissum
485 2291 524 2328 Deo
534 2302 570 2327 non
579 2290 658 2335 reddere,
668 2301 686 2327 et
695 2303 726 2338 per
735 2289 779 2327 obli-

44 2348 116 2385 vionem
129 2359 200 2386 sanctae
212 2349 328 2387 institutionis
342 2351 455 2400 propositum
465 2350 537 2388 violare.
547 2350 644 2398 Propterea
657 2350 778 2386 satisfacturus

44 2408 136 2455 pastoralis
150 2420 201 2445 curae
215 2408 281 2456 officio,
293 2422 331 2446 vos.
339 2410 359 2447 ad
373 2408 505 2446 observantiam
518 2408 604 2457 regularis
618 2409 720 2458 disciplinae
734 2422 778 2458 quo-

43 2468 86 2505 tidie
103 2468 152 2505 soleo
166 2468 271 2507 admonere:
285 2482 318 2506 uec
335 2469 419 2518 deinceps
435 2482 514 2519 unquam
532 2469 588 2506 deerit
601 2469 652 2507 vobis
668 2471 778 2507 necessarius

43 2540 102 2565 sermo
116 2527 186 2574 salutis,
200 2528 278 2577 quandiu
293 2529 365 2578 spiritus
382 2542 433 2567 meus
451 2529 591 2578 perseveraverit
609 2530 627 2566 in
640 2530 675 2567 hoc
689 2530 778 2579 ergastulo

42 2588 105 2625 caruis.
118 2587 156 2624 Vos
170 2596 230 2623 autem
243 2597 308 2632 curate,
323 2600 394 2637 precor,
410 2601 431 2625 ne
445 2589 483 2625 sitis
499 2588 605 2625 infructuosi
619 2589 719 2633 auditores,
733 2603 778 2639 quo-

41 2646 89 2683 niam
103 2659 130 2683 res
144 2659 176 2695 pro
190 2648 248 2683 anima
261 2648 334 2696 geritur,
344 2661 387 2697 qnae
402 2648 458 2685 semel
471 2647 540 2697 perdita
554 2660 645 2696 uunquam
659 2661 777 2697 recuperatur.

827 383 894 410 Obcdicn-

808 419 825 444 ria
831 418 862 444 nihil
869 428 895 445 nta-

807 453 827 479 ius
841 459 862 479 aut
875 462 895 480 ac·

808 488 857 522 ueprius
871 497 895 523 po·
909 496 910 499 ¹

807 529 833 549 test
851 523 895 550 offerri

807 559 842 584 Deo.

837 1636 894 1663 Proles.

795 1670 843 1696 ¹sionis
858 1679 890 1696 nun-

803 1713 841 1740 quam
859 1713 889 1731 suae

802 1748 890 1766 trumernor

802 1774 823 1800 sit
841 1783 888 1801 mnua-

802 1809 837 1835 chus
