1968 3023
164 146 200 183 234
357 135 383 172 Do
396 135 440 172 stata
453 142 467 172 tt
480 136 530 173 trtiran
543 136 629 173 monastici
642 136 709 174 ordinis.

164 215 222 252 ltlulta
231 214 316 252 coenobia
326 216 424 253 secumlum
434 215 514 264 regulam
522 216 582 252 Sancti
589 216 679 253 Benedicti
689 215 762 254 fundata
772 217 899 266 conspicimus,

116 283 117 286 ’
164 276 181 311 in
196 274 259 324 quibus
273 284 341 322 praeter
355 287 427 321 nomen,
437 285 454 312 et
467 274 556 321 habitum,
570 275 639 312 nullnm
652 276 738 325 regularis
752 275 855 325 disciplinae
868 290 899 313 ve-

61 576 143 603 Praevarica-

30 613 32 616 '
56 618 90 639 tores
99 617 113 637 ut
127 611 142 637 ad

56 655 78 673 cor
88 646 142 672 redeant

56 682 71 708 ad
83 681 143 708 monitio.

68 814 114 841 Eaeclr.
123 823 142 849 13.

68 870 101 897 Phil.
111 878 122 896 a.

61 934 113 961 Ordinis
119 943 141 960 ne·

55 970 108 996 cessitas
115 978 142 995 nun

27 1032 29 1037 ¹
59 1004 137 1031 dissimu-

55 1039 96 1066 landa.

68 1088 99 1114 Tltr.
110 1094 120 1121 ς.

66 1259 67 1262 =
74 1241 142 1268 Coenobia

54 1276 67 1308 in
74 1284 141 1302 cominen-

55 1311 89 1337 dam
102 1311 141 1336 reda-

55 1351 78 1371 cta¹

67 1395 96 1421 Est.
107 1401 118 1427 ς.
148 1397 149 1401 ’

67 1444 99 1471 Thr.
109 1452 120 1469 1.

54 2012 90 2041 Ordo
96 2012 141 2039 one-

53 2048 115 2075 nedicti
127 2048 140 2073 in

53 2083 97 2109 multis
108 2081 140 2108 olim

54 2118 113 2144 onrnibus
119 2126 141 2143 su-

53 2152 108 2179 blimiort

68 2202 102 2228 Psal.
111 2208 132 2236 771

67 2251 99 2277 Thr.
109 2259 120 2276 z.

68 2301 101 2327 Psal.
111 2308 131 2334 3⁰·

164 335 238 383 stigium
251 333 338 371 videmus.
352 334 408 382 Super
421 335 483 380 iroc,o
497 334 563 381 Patres,
573 333 671 372 larnentmn
684 335 776 383 assumite,
790 336 860 373 ruirram
873 348 899 373 sa-

164 394 259 430 cratissimi
273 394 340 433 ordinis
353 394 410 431 nostri
420 394 517 443 deplorate,
527 394 541 430 si
554 394 600 431 forte
610 404 723 431 convertatur
732 396 782 432 Deus
791 395 813 431 ad
822 396 899 442 veniam,

164 465 181 490 et
195 454 283 503 relinquat
298 464 338 502 post
351 467 369 490 se
382 453 538 491 benedictionem:
552 455 574 491 Et
587 468 619 492 vos
633 455 790 503 praevaricatores,
805 454 835 504 qni
848 467 899 491 causa

164 515 241 550 istorum
259 513 301 549 estis
318 513 404 560 fletuum,
418 513 475 550 redite
489 513 517 550 vel
531 527 570 551 sero
584 514 655 551 tandem
669 515 690 551 ad
704 527 743 559 cor,
756 513 823 551 redite:
837 523 854 550 et
867 514 898 551 Be-

164 573 230 610 nedicti
242 572 348 622 legislatoris
357 573 411 609 vestri
425 572 567 621 indignationem
577 574 657 610 metuite.
667 573 759 611 Attendite
768 572 898 611 desolationem

164 631 238 679 ordinis,
252 644 304 681 quam
318 631 365 668 malo
377 641 438 669 vestro
452 631 545 669 inducitis:
560 633 620 669 timete
633 633 762 682 omnipotentis
778 633 832 679 iram,
846 644 897 681 qnam

163 692 228 729 nestris
241 689 336 727 sceleribus
349 691 457 739 provocatis.
471 691 510 729 Vae
519 690 578 729 nobis:
592 690 637 728 Urbs
651 691 743 741 religionis
755 701 827 730 nostrae
836 690 856 728 ab
866 692 898 729 ini·

164 752 215 788 micis
229 751 247 788 in
260 751 333 788 circuito
346 761 409 788 nostro
423 750 531 798 destruitnr3
546 751 647 800 disciplinae
661 751 725 788 donans
735 752 753 788 in
762 751 840 789 nihilum
852 751 898 788 redi-

164 819 239 860 guntur3
257 820 274 847 et
291 822 344 847 nenio
361 809 463 855 invenitur,
478 811 508 859 qui
525 811 604 856 resistat;
622 823 685 854 nemO,
699 812 729 859 qui
743 824 762 847 se
776 824 848 848 urnrum
865 823 898 860 pro

164 870 219 908 domo
228 870 262 906 Dei
271 879 358 918 opponat:
374 869 451 915 Omnes,
460 882 505 918 quae
518 880 579 907 nostra
592 880 639 916 sunt,
647 870 760 919 quaerimus;
774 882 837 908 omnes
851 883 899 907 cotn-

163 943 238 969 mnnem
251 930 374 968 necessitatem
388 929 456 967 ordinis
470 930 609 976 dissimulamus,
623 930 679 968 donec
693 940 710 968 et
723 943 757 968 nos
770 930 855 979 paulatim
869 929 898 967 de-

163 992 254 1028 ficiamus:
269 989 374 1027 Haereditas
394 998 455 1026 nostra
468 1002 520 1026 versa
536 999 563 1026 est
578 989 600 1026 ad
616 990 694 1036 alienos,
709 990 774 1027 domus
792 999 863 1027 nostrae
877 989 898 1027 ad

163 1061 267 1088 extraneos:
282 1047 380 1094 Coenoffla,
394 1061 439 1097 quae
448 1048 469 1085 ad
479 1048 610 1086 monachornm
623 1048 721 1085 habitacula
735 1058 839 1085 consecrata
852 1057 898 1092 sunt,

162 1112 197 1148 iam
212 1109 280 1147 stabula
293 1109 338 1145 liunt
351 1108 463 1152 clericorum,
473 1119 490 1146 et
502 1108 580 1157 militum
593 1107 677 1146 fortalitia
690 1109 815 1157 pugnantium.
830 1106 898 1157 anid

163 1171 233 1208 dicam?
250 1168 306 1206 Pudet
320 1180 348 1204 me
362 1167 420 1210 effari,
435 1167 484 1217 qnod
501 1167 583 1205 homines
601 1169 638 1205 sine
656 1167 765 1205 conscientia
782 1168 800 1204 in
818 1166 898 1204 claustris

162 1229 294 1268 monachornm
304 1240 339 1265 raon
348 1227 403 1276 pudet
412 1237 520 1275 perpetrare.
535 1227 572 1271 Qui
584 1238 671 1264 secretum
680 1226 812 1276 religiosorum
822 1225 898 1271 turbant,

163 1292 228 1328 domos
238 1288 323 1326 orationis
333 1285 452 1324 inhabitacula
464 1287 598 1334 negotiatorum
613 1296 733 1324 commutant:
748 1283 898 1334 Compatiortuis

154 1348 302 1395 ,calatnitatibnm
316 1360 327 1383 o
344 1346 435 1383 Benedicti
448 1344 547 1382 veneranda
567 1345 639 1396 religio;
653 1357 670 1382 te
684 1346 701 1382 in
716 1345 835 1393 direptionem
849 1344 898 1381 omni

163 1401 263 1446 transeunti
277 1405 375 1454 expositam
388 1404 494 1452 ingemisco.
507 1404 550 1441 Non
559 1413 592 1449 est,
602 1404 632 1453 qui
646 1402 774 1451 consoletnrte
784 1415 805 1439 ex
815 1401 898 1440 omnibus

163 1469 208 1506 caris
221 1467 266 1511 tuis;
281 1465 330 1514 qnia,
344 1464 374 1513 qui
387 1462 418 1500 tibi
432 1472 506 1511 possent
524 1475 636 1509 succurrere,
650 1455 724 1509 nolunt3
737 1463 768 1511 qui
780 1461 845 1499 volunt
858 1459 898 1497 sub·

162 1527 223 1564 versiae
240 1525 282 1570 tibi,
297 1537 332 1561 non
345 1532 425 1571 possunt.
444 1522 462 1559 O
475 1535 530 1572 qnam
542 1522 615 1570 pulchra
627 1530 720 1558 venustate
734 1520 857 1571 qaortdam'in
870 1532 898 1556 ec-

163 1587 216 1624 clesia
230 1585 264 1622 Dei
277 1581 448 1631 floruistirquando
462 1582 510 1618 viros
525 1581 575 1618 omni
587 1582 686 1627 sanctitate,
701 1589 719 1616 et
732 1581 806 1617 scientia
820 1580 897 1628 insignes

162 1645 246 1697 genuisti,
260 1654 277 1680 et
290 1643 338 1680 velut
352 1642 417 1688 iunior,
431 1639 492 1686 fortis,
508 1651 525 1678 et
538 1650 629 1687 constans,
644 1653 718 1678 omnem
730 1654 740 1677 a
753 1649 771 1676 te
785 1639 898 1677 inhonestam

163 1704 317 1743 conversationem
331 1699 398 1737 solebas
409 1699 504 1748 depellere.
518 1699 571 1737 Nunc
580 1711 639 1737 autem
648 1699 702 1737 veluti
712 1706 809 1743 senectute,
820 1708 836 1736 et
845 1698 896 1748 longa

163 1765 233 1802 dierum
251 1761 367 1810 oppressione
380 1758 454 1808 fatigata
471 1757 562 1805 deiecisti,
576 1768 593 1795 et
605 1759 660 1796 virtus
673 1758 771 1802 iuventutis
785 1768 825 1795 tuae
843 1757 898 1795 ablata

162 1833 194 1867 est,
209 1836 230 1860 eo
244 1819 292 1870 quod
305 1833 341 1857 non
354 1819 376 1855 sit
390 1818 467 1866 amplius
480 1818 499 1854 in
512 1827 530 1854 te
546 1816 631 1855 fortitudo
645 1827 686 1864 tua,
699 1816 735 1853 Ubi
749 1828 775 1853 est
787 1829 836 1853 nunc
849 1816 897 1854 zelus

161 1883 217 1920 tuns?
230 1879 265 1917 Ubi
274 1890 300 1916 est
311 1879 363 1916 decor
372 1878 433 1914 vultus
447 1877 485 1914 tui?
499 1876 534 1913 Ubi
548 1876 616 1914 honor?
630 1876 665 1913 Ubi
678 1876 713 1914 lata
727 1876 818 1925 quondam
828 1875 846 1912 in
855 1875 898 1913 orbe

162 1943 247 1979 urtiverso
259 1939 348 1989 potestas?
362 1936 396 1973 Ubi
406 1947 432 1973 cst
442 1937 489 1982 Deo,
501 1946 517 1972 et
527 1935 593 1985 angelis
603 1935 701 1973 venerabile
711 1934 791 1972 studium
800 1935 897 1983 literarum,

162 2002 212 2038 cuius
226 1997 286 2035 fervor
299 1997 342 2033 olim
356 2008 408 2044 snper
423 2008 487 2032 ornnes
503 1993 573 2031 ordines
590 2005 607 2031 te
624 1995 666 2031 iecit
680 1993 791 2032 sublimem?
808 1994 843 2031 Ubi
856 2005 897 2032 sunt

161 2060 193 2097 filii
203 2059 229 2095 rui
242 2056 345 2094 incircuitu
358 2067 430 2091 mensae
445 2065 491 2097 tutte,
502 2054 535 2090 viri
549 2053 618 2097 eruditi,
632 2064 684 2103 atque
697 2052 817 2091 sanctissimi?
831 2055 897 2092 Omnia

161 2119 276 2158 defecerunt:
292 2125 340 2153 ertu
354 2115 375 2152 ad
387 2114 466 2151 nihilum
479 2110 525 2163 pene
543 2106 613 2151 redacta
627 2127 651 2152 es.
666 2114 823 2152 Pulclnitudinem
836 2115 896 2152 iuven-

161 2180 205 2217 tutis
223 2188 264 2214 tuae
281 2175 364 2220 amisisti,
379 2184 396 2210 et
409 2173 498 2211 fortitudo
515 2172 644 2210 adolescentiae
657 2183 698 2210 tuae
716 2172 801 2222 dissipata
814 2182 846 2211 est.
864 2174 897 2212 Cui

162 2237 270 2287 comparabo
284 2246 306 2280 te,
319 2235 346 2271 vel
360 2235 388 2270 cni
401 2233 505 2271 assimilabo
519 2243 537 2270 te
550 2233 586 2270 filia
599 2244 701 2283 segregata:
717 2234 745 2270 cui
759 2232 860 2282 adaequabo
873 2242 896 2278 te,

161 2309 179 2335 et
193 2296 299 2334 consolabor
312 2305 369 2331 maret
384 2293 528 2330 nrottacborum?
546 2293 611 2342 Magna
624 2304 660 2339 est,
673 2293 723 2329 velut
740 2305 798 2338 mare,
812 2293 897 2330 contritio

162 2367 197 2395 tna.
214 2356 260 2400 Quis
274 2353 373 2391 medebitur
386 2353 424 2400 tui?
439 2351 457 2389 O
471 2354 486 2389 si
499 2352 555 2398 banc,
570 2365 623 2400 quam
640 2351 695 2389 modo
713 2352 800 2400 experiris
815 2352 895 2398 ruinam,

163 2416 245 2455 cavisses,
255 2426 309 2463 qnam
319 2411 400 2449 foelicem
410 2422 427 2448 te
436 2411 516 2448 dicerent
525 2424 588 2448 omnes
601 2411 690 2448 nationes:
703 2410 738 2447 Sed
746 2410 807 2447 dixisti
816 2411 834 2446 in
843 2409 897 2447 abnn-

162 2476 222 2514 dantia
235 2486 271 2519 tun‚
281 2487 317 2511 non
331 2472 417 2510 movebor
427 2473 445 2508 in
458 2482 557 2509 aeternum,
571 2471 644 2520 inopem
658 2479 675 2506 te
689 2471 741 2517 eopia
754 2470 807 2516 fecit,
822 2479 839 2507 et
852 2480 896 2508 tem-

162 2536 251 2585 poralium
270 2533 376 2572 abnndantia
394 2545 454 2569 rernm
469 2542 485 2569 te
499 2532 549 2568 omni
565 2541 628 2569 ornatu
642 2542 672 2568 tno
686 2531 792 2579 expoliavit:
807 2530 854 2572 filios
866 2544 897 2581 ge-

161 2598 216 2633 nnisri
230 2605 330 2645 protervos,
341 2592 470 2638 inobedientes,
485 2593 551 2630 sanctis
565 2592 650 2629 institutis
663 2591 747 2639 rebelles,
761 2592 792 2640 qni
805 2590 837 2629 sub
851 2590 896 2628 cbla-

161 2656 209 2694 mide
224 2656 322 2693 honestatis
339 2665 379 2691 tuae
397 2653 479 2699 latentes,
494 2663 511 2689 te
525 2653 575 2690 omm
592 2652 654 2690 decore
670 2661 702 2688 tuo
719 2649 839 2688 nudaverunt:
856 2650 896 2688 Heu
