1968 3023
135 180 168 227 184
325 180 374 227 Quod
389 188 435 218 curete
448 181 470 217 rit
484 180 565 218 tuorrurlrr's
577 181 673 217 vivendum.

131 258 196 295 facium.
206 259 247 296 Sola
260 260 326 296 etenim
337 262 468 310 perseverantia
478 260 566 298 bonorum
576 273 651 310 operum
661 273 747 297 coronam
761 261 817 298 landis
831 275 866 298 me-

131 327 179 355 retur
192 318 283 366 accipet-03
297 321 335 357 sine
349 334 383 370 qna
392 320 436 357 nihil
446 320 518 370 prodest
532 320 597 357 bonum
612 320 711 356 inchoasse.
721 319 797 357 Nullum
811 321 867 357 virtus

133 378 184 415 habet
198 379 288 424 metitum,
299 381 326 416 cui
340 382 472 430 perseverantia
481 394 517 418 non
526 380 573 417 dedit
582 381 719 417 incrementum.
728 380 770 417 Non
782 381 867 429 incipien-

132 437 178 475 tibus
188 438 259 483 bonum,
269 439 299 476 sed
310 440 464 488 perseverantibus
474 442 491 477 in
501 440 547 478 bono
559 453 614 489 usque
623 440 644 477 ad
653 451 740 484 mortem,
751 453 826 491 regnum
840 454 867 477 ae-

131 508 191 535 ternae
205 497 294 536 felicitatis
308 501 449 548 repromittitur;
464 501 511 550 qnia,
522 513 558 537 non
572 513 630 546 mane,
641 513 677 537 non
692 499 772 544 meridie,
782 500 812 536 sed
827 513 866 536 curu

42 563 79 589 nnn.
90 571 110 589 20.
131 569 171 593 sero
181 556 248 594 factum
257 568 309 604 esset,
323 558 444 596 laborantibus
458 560 476 595 in
485 560 537 596 vinea
547 558 628 596 denarius
637 558 750 596 reddebatur.
760 559 801 596 Non
813 560 866 605 eninr,

130 617 160 664 nui
170 616 214 653 bene
223 618 279 666 caepit
288 617 385 655 laudandus
395 628 432 664 est,
447 619 484 663 sed,
495 619 525 667 qui
534 617 577 654 bene
588 618 698 655 continuavit
708 631 764 667 usque
773 619 795 655 ad
804 618 865 664 finem,

130 676 245 713 honorandus
255 687 286 714 est.
296 677 338 721 Quo
348 679 400 722 circa,
410 677 474 715 fratres
484 679 526 724 mei,
537 677 598 715 sedulo
608 690 640 714 vos
649 676 747 715 admonete
761 677 821 723 soleo;
835 691 867 716 nec

116 738 118 743 '
131 747 209 785 unquam
217 736 273 773 debeo
281 749 354 781 cessare,
363 748 450 786 quatenus
458 736 551 785 diligenter
559 739 653 775 attendatis
660 738 775 775 vocationem
783 747 866 781 vestram,

130 804 148 830 et
157 805 207 831 caute
214 795 308 832 ambuletis
316 796 333 834 in
341 797 391 833 onrni
399 797 493 846 religione,
502 807 518 834 et
530 798 628 841 sanctitate,
637 797 789 846 quemadmodum
800 798 865 835 iuratos

131 854 181 891 decet
197 854 262 892 auilites
277 855 349 893 Christi.
365 856 418 893 Nunc
432 857 479 893 eninr
489 868 562 905 tempus
576 867 602 893 est
616 855 749 902 benefaciendi3
763 857 809 906 quia,
826 869 872 898 cunr,

131 915 194 951 mortis
208 914 252 952 hora
265 914 360 959 advenerit,
370 928 444 952 omnem
458 915 559 952 facultatem
569 916 654 964 operandi
668 915 748 952 funditus
762 915 865 964 amputabit.

130 972 152 1008 Et
166 972 213 1018 ideo,
224 973 301 1022 quandiu
315 975 374 1010 vivitis
384 976 429 1020 sani,
440 984 457 1011 et
468 975 572 1020 incolumes
585 974 692 1021 benefacite3
707 974 785 1011 futuram
794 972 866 1010 retribu-

131 1032 198 1069 tionem
209 1045 278 1082 semper
288 1033 375 1081 cogitate,
389 1043 406 1070 et
420 1033 500 1083 quotidie
510 1035 527 1070 in
536 1032 617 1082 profectu
631 1033 706 1082 spiritali
717 1034 797 1069 crescite.
807 1033 865 1076 Quae-

131 1091 165 1128 rite
174 1093 279 1136 Domimm,
293 1093 335 1130 dum
349 1093 425 1130 inveniri
440 1103 504 1142 potest.
515 1093 581 1131 Christi
594 1093 691 1130 Salvatoris
704 1093 741 1129 vita
754 1094 776 1129 sit
790 1093 865 1129 inritatio

112 1154 113 1159 ’
130 1161 198 1197 vestra;
213 1165 265 1200 quem
279 1153 328 1200 sequi
341 1166 374 1201 pro
388 1152 463 1198 viribus,
473 1165 509 1189 non
523 1151 612 1202 gressibus
623 1151 694 1200 pedum,
705 1151 737 1187 sed
750 1151 866 1188 similitudine

130 1209 251 1257 affectionum,
261 1225 281 1247 ex
295 1211 413 1248 iustitutionis
425 1221 494 1248 vestrae
508 1211 622 1248 fundamento
632 1211 725 1247 tenemini.
735 1210 791 1247 Caute
800 1211 817 1246 in
828 1223 865 1247 onr-

130 1269 182 1306 nibus
192 1269 289 1308 ambulate:
303 1271 387 1307 timorem
397 1271 431 1307 Dei
441 1272 459 1307 in
469 1283 510 1307 vera
523 1269 622 1307 humilitate
635 1283 705 1319 semper
715 1279 755 1305 ante
764 1261 829 1305 mentis
838 1270 863 1306 in-

116 1329 195 1371 ¹ruitum
209 1331 275 1377 ponite.
285 1324 349 1377 Magna
363 1329 411 1366 eninr
425 1330 501 1378 puritate
514 1329 564 1366 vohis
579 1340 604 1366 est
614 1342 665 1377 opus,
675 1330 707 1378 qni
720 1340 785 1375 urente,
796 1338 812 1365 et
826 1342 864 1366 cot-

131 1400 174 1435 pore
184 1389 201 1425 in
212 1399 291 1425 sanctam
305 1387 371 1425 Christi
385 1388 468 1425 militiam
480 1389 600 1425 consensistis
614 1388 642 1425 nd
655 1401 688 1425 vos
702 1401 750 1424 nunc
763 1388 864 1437 pertineto
882 1403 883 1406 ¹

131 1446 199 1493 fratres,
209 1448 300 1491 mundum,
315 1457 332 1483 et
345 1448 412 1493 otnnia,
426 1460 471 1496 qnae
485 1449 502 1484 in
515 1447 582 1485 mundo
593 1458 634 1484 sunt
647 1456 722 1495 propter
734 1447 793 1484 Deum
804 1460 865 1496 perpe

129 1517 160 1542 tua
169 1506 272 1543 fortitudine
281 1516 402 1552 contemnere,
413 1520 475 1544 omnes
486 1507 581 1544 carnalium
590 1507 704 1555 voluptatum
719 1515 780 1542 nrotus
794 1507 864 1542 vincere

130 1576 223 1613 peccatum
237 1567 307 1615 fugere,
321 1567 338 1603 in
352 1566 411 1611 bonis,
427 1577 444 1603 et
462 1569 526 1603 sanctis
544 1566 625 1614 operibus
639 1579 671 1603 vos
688 1567 753 1615 iugiter
771 1579 863 1614 occupare.

130 1626 171 1663 Vita
185 1639 256 1675 quoque
274 1635 331 1663 vestra
349 1635 436 1675 qtruntunr
451 1626 488 1663 fieri
502 1627 578 1663 humana
592 1626 687 1663 infirmitas
702 1626 750 1668 sinit,
770 1627 863 1675 puritatem

130 1685 181 1722 debet
198 1686 263 1723 imitari
279 1685 386 1734 angelicam,
400 1695 417 1722 et
435 1699 508 1723 omnem
525 1685 595 1735 fugere,
613 1699 632 1722 ac
650 1686 735 1722 detestari
753 1687 862 1733 pravitatem.

37 1750 108 1775 aruncius
130 1745 194 1794 Angeli
208 1755 266 1783 autem
279 1747 334 1782 sancti
347 1758 439 1793 nunqnam
451 1755 492 1782 sunt
504 1746 566 1789 otiosi,
576 1746 606 1782 sed
622 1746 640 1782 in
653 1744 735 1782 laudibus
750 1746 783 1782 Dei
795 1758 864 1793 semper

21 1785 108 1844 diffidi?
129 1803 194 1854 absque
204 1793 316 1853 fatigatione,
326 1805 354 1841 vel
369 1803 427 1851 taedio
437 1804 514 1842 solliciti.
529 1804 593 1853 Angeli
607 1805 664 1841 sancti
674 1805 733 1841 Deum
743 1806 863 1852 superomnia

130 1863 215 1912 diligunt,
229 1875 245 1900 et
259 1863 279 1899 ab
293 1864 330 1899 etus
350 1862 435 1899 charitate
449 1876 481 1899 nec
496 1873 620 1899 momentanee
636 1862 709 1910 quidem
723 1862 813 1899 recedunt.
826 1862 863 1899 Ho-
889 1884 890 1888 =

130 1936 170 1959 runr
184 1923 283 1959 inritatione
296 1922 395 1959 monachus
407 1923 425 1958 in
440 1921 525 1970 obsequio
539 1921 604 1958 Christi
618 1921 670 1958 debet
687 1934 726 1958 esse
742 1921 832 1964 assiduus,
847 1932 863 1958 et

130 1994 200 2030 semper
213 1981 231 2016 in
244 1980 294 2018 bonis
308 1979 391 2027 operibus
404 1980 503 2017 secundum
512 1980 632 2028 Evangeliunr,
643 1990 660 2016 et
669 1980 750 2028 regulam
761 1991 863 2027 occupatus.

129 2041 229 2078 Monachus
236 2034 269 2078 Dei
278 2041 383 2078 charitatem
393 2040 444 2077 debet
453 2040 516 2078 habere
524 2041 679 2086 ferventissimam,
686 2051 703 2077 et
712 2040 791 2088 proximi
797 2052 862 2084 veram,

129 2102 269 2149 ordinatamque,
280 2111 296 2138 et
306 2102 393 2138 sinceram
407 2100 528 2138 dilectionem.
542 2103 598 2138 Amor
610 2101 676 2137 etenim
690 2099 760 2136 fervens
775 2101 791 2136 in
805 2100 863 2136 Deunr

129 2160 197 2209 perficit
211 2160 325 2205 monachum,
341 2171 357 2196 et
371 2173 407 2197 non
421 2161 463 2197 sinit
477 2173 515 2197 esse
529 2161 612 2197 otiosum.
627 2160 675 2195 Dicit
689 2160 737 2195 eninr
751 2169 812 2207 qttater
825 2172 863 2196 san·

129 2220 218 2256 ctissinrus
234 2219 280 2268 Papa
293 2220 397 2269 Gregorius.
416 2221 473 2257 Amor
490 2220 524 2256 Dei
537 2223 627 2268 nunquam
642 2228 668 2254 est
684 2219 759 2255 otiosus
775 2219 863 2267 Operatur

129 2280 177 2315 eninr
190 2291 260 2326 magna,
270 2280 284 2315 si
294 2288 329 2315 est:
343 2279 373 2328 qui
383 2280 398 2315 si
408 2280 478 2327 operari
488 2279 551 2322 renuit,
562 2291 613 2315 vetus
621 2278 655 2314 Dei
664 2290 715 2314 amor
725 2290 815 2327 nunquam
825 2277 862 2314 fuit.

128 2337 174 2374 Nam
188 2339 202 2374 si
216 2338 237 2374 de
251 2338 315 2375 carnali
331 2351 393 2375 amore
407 2352 471 2376 verum
484 2348 536 2387 poeta
550 2338 593 2375 dixit
607 2340 685 2384 insanus,

342 2409 366 2446 qui
379 2417 409 2436 non
420 2407 451 2437 vult
462 2407 492 2437 fieri
505 2407 589 2441 desidiosus,
602 2413 647 2436 intret:

129 2476 195 2514 quanto
211 2466 273 2503 fortius
289 2468 398 2503 castissimus
412 2467 446 2504 Dei
459 2480 509 2504 arnor
523 2476 601 2503 mentem
615 2466 636 2502 ad
650 2466 705 2503 ardua
719 2467 799 2514 impellit,
810 2480 861 2516 quam

128 2526 213 2574 possidet.
226 2528 289 2563 hurate
303 2528 362 2563 Deum
376 2526 439 2564 fratres
449 2528 466 2563 in
476 2537 515 2564 toto
529 2526 585 2569 corde¹
598 2536 684 2575 quantum
698 2539 716 2562 se
731 2526 812 2563 desiderii
826 2526 861 2563 for-

128 2586 186 2621 titudo
200 2596 257 2634 potest
271 2587 376 2631 extendere;
391 2597 408 2622 et
422 2587 489 2632 onmia,
499 2599 542 2635 quae
555 2584 604 2622 vobis
619 2596 711 2634 praecepta
725 2595 766 2621 sunt
779 2585 862 2622 facillime

128 2645 203 2691 potestis
216 2644 313 2682 observare.
327 2645 376 2683 Nihil
387 2645 434 2681 enirn
448 2647 514 2681 amanti
528 2644 607 2690 difficile3
621 2644 651 2680 sed
666 2646 726 2680 omnia
738 2644 789 2689 dura,
803 2646 862 2682 omnia

128 2705 193 2752 gravia,
207 2714 223 2739 et
236 2705 296 2749 ardua,
311 2705 374 2741 ardens
388 2704 446 2741 facilia
460 2704 500 2740 facit
514 2717 569 2741 aanor.
