1968 3023
85 587 143 613 Dbemu

58 622 144 648 conuubmnn

56 665 95 690 saepe
103 657 144 690 uegli

55 691 137 725 genuuscou

55 733 118 752 smvmun

64 1056 142 1082 Dmbmrum

55 1092 143 1118 cuneantur

55 1126 142 1160 pu,quanou

55 1162 143 1187 iuvaturin

55 1196 143 1222 necessita

55 1236 67 1255 η
77 1231 117 1265 nan

81 1414 95 1438 lu
108 1419 142 1439 mm-

55 1456 93 1481 pore
107 1448 142 1482 cogi

55 1483 108 1507 lauduni
125 1483 141 1509 de

54 1517 117 1543 rmuedb.

82 1655 141 1681 Placa-

54 1695 74 1715 tur
83 1690 142 1716 oradonc

54 1725 141 1758 Deus,pecu

54 1759 129 1786 mahmnu

166 145 201 191 258
357 148 383 184 Dc
396 154 440 184 stata
452 153 466 183 et
480 148 529 184 ruina
542 147 627 184 aarorznsticl
640 147 706 184 ordinis.

165 237 228 262 onmes
241 227 303 275 tangit,
317 226 358 275 quia
371 227 419 276 quod
434 225 454 263 ab
468 240 504 264 11110
517 227 596 275 eripitur,
610 226 693 264 orranibus
707 226 786 264 ablatum
804 227 897 266 iudicatur.

164 283 312 335 Quotiescunque
322 286 452 324 Momasterium
465 285 486 323 ab
495 286 557 324 ordine
567 295 629 323 nostro
639 287 712 335 rapitur,
722 286 822 325 haereditas
835 297 897 325 nostra

165 346 267 381 comnmnis
281 345 297 382 in
312 354 361 393 parte
375 346 482 395 dissipatur:
496 347 511 382 si
524 347 563 396 quis
573 345 653 390 domum,
663 346 692 383 vel
706 358 769 395 agrum
782 356 834 384 tuum
848 360 898 384 occu-

164 415 206 452 pare
220 404 323 447 tentaverit,
338 417 398 441 coram
411 404 471 442 ludice
488 418 531 442 mox
548 404 599 441 illum
617 418 697 451 accusas,
711 404 838 443 inhibitionem
854 419 897 444 mox

165 463 249 511 postulas,
260 474 277 500 et
291 464 348 501 donec
361 466 421 502 vincas
431 464 557 513 adversarium,
568 478 577 501 a
589 465 621 502 lite
634 478 671 503 non
683 478 751 512 cessas3
765 467 801 503 Cur
811 478 855 514 ergo
864 480 897 504 llos

164 535 227 560 onmes
240 536 276 561 11011
292 524 366 561 facimus
384 526 402 561 111
415 525 472 562 causis
486 524 553 562 ordinis
566 524 652 573 publicis,
666 524 714 574 quod
730 524 805 574 quilibet
821 525 862 562 facit
878 526 897 563 in

162 582 247 630 privaris?
260 584 346 632 Nuuquid
359 583 469 632 impossibile
484 584 516 621 erit
529 583 600 630 multis,
614 585 663 634 quod
679 585 720 621 facit
734 586 792 622 utatis?
806 585 845 623 Nisi
861 585 897 622 for-

165 641 209 677 sitan
224 640 254 678 abi
266 642 369 687 raaaaltitudo,
383 643 406 680 ibi
420 645 442 680 sit
456 653 472 680 et
486 643 573 687 confusio,
588 653 606 680 at
620 643 667 693 quod
681 644 754 681 diversis
771 644 896 690 committitur,

164 701 282 750 negligentius
292 712 411 740 conservetur.
421 702 505 740 Libenter
511 704 561 740 euim
569 703 700 751 anaplectimar,
708 702 755 752 quod
763 702 796 740 sibi
803 704 896 753 proximus

164 773 201 797 esse
215 760 288 809 quilibet
297 761 372 799 iubetur.
386 762 420 799 Sed
430 762 472 799 dum
483 773 573 799 contracto
583 763 662 811 calidique
676 775 758 811 corpore,
768 764 818 812 quasi
828 762 896 800 Ericius

164 821 180 857 in
194 819 245 857 uobis
258 832 319 858 nostra
333 821 450 867 revolventes,
459 834 519 858 curam
533 822 600 858 ordinis
615 821 716 868 abiicimus,
726 823 772 870 capti
783 823 854 859 tandem
867 836 896 859 ve-

163 889 246 916 natorum
263 880 342 919 insidiis:
356 881 377 918 de
394 881 474 918 remedio
492 881 544 930 fugae
562 893 602 917 sero
617 882 724 930 cogitamus.
738 882 776 919 Vos
794 883 829 919 iam
842 883 897 931 igitur

163 940 223 975 Patres
237 939 335 977 Reverendi
348 949 384 986 ea,
399 954 433 990 qua
450 939 500 977 decet
518 940 642 977 benevolentia
660 940 758 987 monacho,
772 955 806 990 qua
821 955 895 989 possum

163 999 268 1044 attentione,
283 1000 360 1047 requiro,
372 999 430 1037 ordini
443 1009 503 1037 vestro
517 1013 572 1049 prope
589 999 653 1037 labenti
671 1001 779 1046 succurrite,
793 1010 810 1037 et
827 999 855 1037 his
871 1001 896 1037 di-

163 1057 321 1095 membrationibus
330 1061 436 1108 quantocius
446 1058 523 1109 obviate.
529 1059 589 1097 Nolite
597 1060 690 1107 pecuniam
700 1059 835 1096 necessitatibus
842 1061 896 1097 tantis

163 1130 283 1166 praeponere:
297 1118 352 1155 uolite
365 1118 446 1156 denarios
456 1118 549 1168 plusquam
559 1119 640 1156 ordinem
653 1131 719 1155 amare.
733 1113 802 1167 Turpis
815 1129 841 1156 est
853 1119 897 1156 divi-

164 1177 229 1214 tiarum
243 1177 331 1224 custodia,
344 1169 377 1226 qua
390 1191 427 1215 uon
439 1178 509 1215 iuvatur
523 1179 540 1215 in
553 1178 658 1215 necessitate
672 1176 778 1225 respublica.
792 1177 841 1222 Quid
855 1191 896 1226 pro-

164 1237 209 1274 derit
223 1236 274 1274 vobis
288 1238 326 1274 auri
343 1237 445 1275 insatiabilis
464 1237 566 1291 capidopsi
579 1236 647 1274 ordinis
660 1237 715 1274 vestri
728 1245 765 1272 tam
784 1237 845 1284 sancti,
859 1247 895 1274 tam

163 1297 268 1342 venerandi,
283 1307 318 1333 11111
332 1296 415 1345 gloriosi,
430 1297 529 1347 praevaleat
544 1296 643 1334 desolatio?
656 1297 674 1333 Si
688 1306 810 1333 antecessores
828 1298 895 1344 nostri,

162 1357 276 1393 1101111111011
290 1368 337 1402 cura,
351 1369 403 1405 quam
417 1369 455 1403 raus,
469 1357 572 1405 vigilassent
585 1368 618 1404 pro
631 1356 703 1401 ordine3
718 1354 785 1392 dudum
802 1357 820 1393 in
833 1356 895 1393 multis

164 1414 255 1452 coenobiis
272 1428 339 1452 nomen
357 1415 448 1464 religionis
466 1426 537 1452 nostrae
553 1415 667 1453 decessisset:
681 1416 775 1452 liniternur
793 1428 836 1465 ergo
854 1428 896 1452 con-

162 1475 250 1519 stantiam,
261 1487 337 1523 quorum
351 1476 462 1524 suscepimus
475 1466 608 1513 haereditatem
622 1475 640 1511 Si
654 1475 712 1511 Deum
727 1474 826 1523 diligimus,
836 1476 851 1511 si
863 1475 895 1511 ho-

162 1546 225 1571 norem
239 1534 307 1571 ordinis
325 1546 410 1578 amanaas,
425 1535 439 1571 si
453 1548 558 1572 conservare
575 1533 625 1570 illum
639 1533 768 1588 cupimus,de
781 1533 861 1571 remedio
877 1535 895 1571 111

162 1606 243 1643 teraipore
257 1595 364 1643 cogitemus.
377 1594 494 1632 Conferamus
510 1595 532 1632 ad
546 1594 700 1631 conservationem
718 1593 785 1630 ordinis
801 1606 862 1642 patna,
876 1604 895 1630 ut

162 1666 263 1690 mereamur
271 1653 327 1690 11111111
340 1654 426 1702 recipere:
440 1653 560 1702 expendamus
568 1662 641 1701 partem,
652 1663 671 1689 ut
681 1653 771 1701 possimus
780 1662 839 1690 totam
854 1666 895 1690 con-

162 1726 241 1750 servare:
255 1713 350 1750 oli'eramus
360 1712 408 1759 vilia,
420 1722 438 1750 ut
447 1715 527 1761 preciosa
537 1713 627 1750 valeamus
636 1713 732 1761 acquirere,
743 1711 806 1749 demus
819 1723 894 1756 terrena,
931 1758 933 1764 Α

162 1783 181 1810 111
194 1773 278 1810 coelestia
291 1772 380 1809 valeamus
394 1773 495 1821 possidere:
511 1771 635 1820 impeudmnus
651 1771 755 1820 pecuniam:
770 1771 894 1820 impendamus

161 1843 178 1869 et
188 1833 293 1876 orationem,
303 1833 388 1880 quoniam
398 1832 426 1870 illa
435 1831 496 1876 laomo',
507 1832 539 1867 laac
548 1832 596 1868 Deus
606 1830 691 1879 placatur.
702 1830 792 1879 Quicquid
801 1829 893 1877 habenam,

161 1892 182 1928 ad
195 1892 222 1928 ius
236 1892 296 1928 Sancti
309 1892 366 1928 Patris
382 1892 438 1929 nostri
453 1890 543 1928 Benedicti
561 1890 647 1940 pertinet,
661 1890 689 1926 cui
707 1902 739 1938 pro
757 1890 893 1927 conservatione

161 1950 228 1987 ordinis
242 1951 285 1987 dum
298 1950 364 2000 aliquid
378 1951 505 2001 impendimus,
519 1963 555 1987 uon
568 1959 629 1986 nostra
642 1948 711 1994 damus¹
725 1948 757 1985 sed
770 1962 802 1985 sua
816 1948 841 1986 illi
855 1949 895 1986 red-

161 2010 225 2047 dimus
239 2010 336 2047 Erairnvero
350 2023 386 2047 11011
399 2010 458 2047 solum
468 2021 499 2057 pro
509 2006 600 2046 animabus
614 2006 666 2044 uobis
677 2006 778 2045 coriataaissis
792 2007 817 2044 illi
831 2020 894 2044 suanus

161 2066 244 2115 obnoxii,
260 2068 291 2106 sed
308 2069 361 2105 etiam
377 2082 410 2115 pro
427 2066 524 2105 substantia
541 2066 647 2103 Monasterii
666 2065 687 2102 ad
703 2065 792 2102 rationem
812 2064 892 2114 obligati.

160 2128 257 2176 Nunquam
271 2139 329 2165 autem
347 2129 403 2165 tutior
420 2129 442 2166 de
459 2140 512 2165 censu
526 2128 571 2164 ratio
585 2125 675 2172 redditur,
689 2137 743 2173 quarn
758 2125 773 2161 si
787 2126 862 2174 pecunia
875 2126 893 2162 in

161 2188 217 2223 cursis
231 2187 305 2223 Domini
319 2197 419 2235 opportune
436 2196 540 2234 exponatur.
554 2186 572 2223 Si
586 2196 645 2222 autem
663 2184 742 2234 pecuniis
758 2184 776 2220 in
790 2184 894 2221 necessitate

160 2247 235 2283 Domini
248 2247 335 2294 parcitur,
350 2245 370 2283 de
385 2245 487 2283 infidelitate
500 2245 562 2282 faraanli
575 2245 655 2292 suspicio
668 2251 769 2292 generatur.
782 2243 803 2279 Iu
819 2242 893 2279 exordio

160 2305 212 2341 liuius
227 2305 298 2353 capituli
312 2304 384 2341 titulum
398 2305 419 2342 de
433 2304 487 2342 modo
500 2303 594 2341 resistendi
608 2300 784 2340 dimernbrationibus
796 2315 893 2351 pravorum

160 2364 311 2413 praescripsimus,
321 2376 373 2411 quae,
383 2377 405 2400 ne
419 2364 503 2400 intactum
517 2362 629 2411 praeteriisse
642 2362 739 2404 videamur,
750 2359 826 2398 breviter
838 2361 893 2410 expli-

160 2435 227 2460 cemus.
240 2423 262 2459 Et
274 2423 356 2472 quamvis
369 2422 391 2459 ad
404 2436 433 2460 me
446 2435 483 2459 non
495 2423 581 2470 pertineat
591 2421 624 2457 ista
633 2420 721 2466 tractatio,
731 2429 796 2465 tanaeu,
806 2432 847 2457 cum
859 2420 893 2457 sim

160 2481 240 2519 eiusdem
255 2481 321 2519 ordinis
334 2482 387 2518 vestri
402 2482 489 2528 alumnus,
503 2492 520 2518 et
534 2491 602 2519 11111101
616 2480 694 2528 capituli,
707 2492 744 2516 non
758 2480 791 2516 erit
803 2481 831 2530 (ut
844 2480 893 2528 reor)

157 2539 207 2578 vobis
221 2553 297 2578 onerosa
306 2539 404 2578 admonitio
414 2540 504 2589 discipuli:
518 2541 603 2578 Vestrum
615 2549 647 2586 est,
657 2553 668 2576 o
678 2540 744 2586 latres,
753 2551 816 2576 verum
826 2552 835 2575 1
848 2538 893 2576 falso

160 2600 268 2644 discernere,
283 2599 326 2636 mihi
339 2599 423 2644 sufficiat,
437 2599 485 2649 quod
498 2600 567 2645 sentio,
582 2598 691 2647 explanasse.
705 2597 771 2635 Modus
785 2607 845 2635 ritatem
861 2596 892 2635 ob-

159 2659 219 2696 viandi
232 2659 259 2696 his
273 2658 403 2708 inonachorum
412 2658 586 2708 praesumptionibus
600 2656 650 2694 facile
660 2657 742 2704 discitur,
752 2657 767 2694 si
776 2656 797 2695 ab
807 2656 891 2706 exemplo
