1968 3023
392 121 468 160 Humilia
481 121 523 161 IIII.
801 135 823 171 25

90 205 196 242 instructus:
210 201 285 241 libenter
298 201 382 240 debemus
395 203 468 240 lectioni
482 202 582 240 divinarum
595 203 723 251 scripturarum
736 205 824 249 insistere,

90 274 107 301 et
120 276 174 301 omne
187 262 266 300 studium
279 262 379 299 literaturae
392 260 483 307 secularis,
498 262 516 298 in
529 275 565 311 quo
578 261 674 311 aliquando
688 262 822 310 desudavimus,

89 323 111 360 ad
127 322 179 359 huius
197 321 323 371 speculationis
340 321 396 358 aciem
414 319 502 358 ordinare.
516 320 536 356 ln
552 320 644 369 scripturis
659 334 737 372 namque
751 322 823 369 divinis,
855 337 933 365 deuorato

90 380 175 432 quicquid
186 380 267 417 salutaris
277 379 351 429 requirit
359 379 438 421 scientia,
449 378 572 427 copiosissime
582 379 669 428 reperitur
678 392 789 429 expressum,
798 392 823 426 ut,
844 372 934 435 ssfpjclfflilfgssp

91 439 175 491 quodibi
188 453 224 477 non
241 439 335 486 inveneris,
348 440 422 476 minime
435 434 545 475 adsalutem
562 439 585 476 sit
601 441 727 478 necessatium.
741 442 824 480 Maiestas
845 451 933 503 platearum

90 500 156 538 etenim
170 499 269 536 divinarum
283 498 410 548 scripturarum
424 510 498 534 omnem
512 498 567 534 totius
580 498 643 535 mundi
656 500 758 547 scientiam,
772 511 825 551 atque
851 487 916 507 aerarum.

91 559 190 597 doctrinam
203 558 257 607 longe
270 558 333 607 procul
349 557 463 602 transcendit,
477 570 530 607 quani
544 559 617 607 spiritus
631 569 704 596 sanctus
721 559 829 599 hominibus

91 619 131 665 Dei,
146 629 165 655 ut
178 616 290 662 scriberetur,
300 616 371 663 inludit,
386 627 409 663 et,
422 627 441 653 ut
454 617 562 666 intelligatur
576 631 586 654 a
598 617 684 655 studiosis
693 619 796 668 lectoribus,
805 620 826 659 il-

91 678 202 715 lustrationis
215 690 257 714 suae
265 678 340 726 gratiam
349 677 442 726 impendit.
452 677 507 721 Hanc,
521 677 585 714 fratres
594 678 636 724 mei,
646 679 753 728 scripturam
762 680 826 717 sedulo

92 749 133 774 cum
145 738 222 784 puritate
235 737 305 780 mentis,
320 745 337 773 et
349 735 419 778 fervore
432 737 514 784 geminae
531 736 620 774 charitatis
634 738 726 785 revolvite,
740 741 825 788 quoniam

66 840 67 844 Ἰ
92 798 173 847 quisquis
181 798 241 833 Deum
253 797 339 834 veraciter
352 797 415 847 diligit,
429 809 482 834 omne
495 806 572 845 tempus,
581 797 630 848 quod
639 799 719 836 invenire
732 810 791 848 potest
804 800 825 838 ad

92 857 158 900 ocium,
171 857 189 893 in
202 857 256 892 sacris
268 855 375 893 lectionibus
391 857 485 893 consumit.
499 856 538 893 Sint
550 856 602 894 vobis
619 858 740 903 incitamenta,
753 872 825 908 precor,

92 916 114 954 ad
123 915 192 953 salubre
201 915 279 953 studium
289 916 422 964 scripturarum,
432 916 504 963 furiosa,
513 926 532 952 ut
541 917 565 953 ita
574 916 656 961 dixerim,
665 929 715 966 gesta
725 930 826 957 amatorum

93 976 195 1023 carnalium,
209 976 239 1025 qui
251 976 319 1022 literas,
334 987 351 1012 et
364 976 434 1024 eulogia
447 988 519 1012 suarum
528 977 635 1025 accipientes
648 979 753 1015 amatrlcunt
767 979 826 1028 legere

92 1049 129 1073 non
145 1046 221 1081 cessant,
236 1036 345 1084 saepiusque,
360 1044 376 1071 et
392 1035 478 1084 relegunt,
492 1046 509 1071 et
526 1035 639 1074 osculantur:
654 1045 676 1081 et,
690 1037 738 1086 quod
754 1038 827 1076 maioris

93 1106 120 1133 est
132 1087 219 1132 indicium
227 1096 299 1138 amoris,
308 1095 338 1130 vel
351 1095 372 1131 ad
386 1093 452 1131 collum
465 1093 580 1143 suspendunt,
590 1094 619 1132 vel
629 1094 651 1132 ad
663 1106 731 1144 pectus,
741 1108 827 1146 quatenus

93 1167 183 1204 nunquam
198 1166 207 1190 a
220 1163 281 1191 mente
294 1153 364 1191 recedat
377 1154 421 1200 eius,
431 1166 484 1202 quam
498 1154 577 1201 cupiunt,
589 1153 663 1191 dilectae
677 1156 771 1193 memoria.
780 1156 828 1194 Con-

93 1209 175 1259 siderate,
188 1213 259 1259 tratres,
274 1212 372 1250 carnalium
385 1204 403 1250 in
416 1224 477 1249 amore
491 1211 605 1257 dementiam,
619 1223 636 1249 et
648 1224 727 1251 vestram
740 1215 786 1252 circa
795 1216 828 1252 Dei

93 1286 174 1311 amorem
183 1272 280 1310 erubescite
289 1272 405 1321 tepiditatem.
413 1271 459 1316 Quis
468 1281 548 1309 vestrum
557 1273 603 1309 circa
612 1273 709 1322 scripturas
716 1274 750 1311 Dei
759 1285 828 1312 sanctas

93 1343 143 1370 tanto
157 1332 216 1370 cordis
229 1344 290 1369 amore
303 1330 383 1376 afficitur,
393 1340 459 1380 quanto
473 1343 535 1368 caecus
549 1341 619 1369 amator
629 1332 674 1369 circa
687 1332 747 1370 literas
760 1345 828 1372 amato·

93 1394 128 1431 rias
141 1405 219 1442 spurcas,
233 1402 250 1429 et
262 1391 367 1428 vanissimas
381 1392 433 1428 unius
446 1390 570 1428 meretriculae
579 1392 669 1429 insaniens
678 1405 720 1442 prae
733 1392 829 1432 dilectione

94 1451 226 1490 inflammatur?
239 1451 271 1487 Ille
284 1459 357 1499 propter
367 1449 449 1493 absentis,
459 1461 512 1499 quam
522 1450 574 1498 cupit,
585 1462 673 1497 amorem,
683 1451 750 1498 literas,
759 1462 777 1489 et
790 1466 829 1490 mu-

63 1539 67 1548 .
94 1511 168 1548 nuscula
182 1509 246 1548 crebris
260 1510 326 1548 osculis
340 1510 460 1559 prosequitur,
473 1510 531 1559 apices
545 1509 626 1559 singulos
640 1523 682 1559 prae
697 1511 754 1548 nimio
768 1524 829 1550 amore

95 1569 230 1617 considerando,
243 1571 310 1607 iteratis
324 1569 393 1606 vicibus
408 1570 489 1615 rimatur,
502 1570 521 1605 in
534 1568 625 1614 omnibus,
638 1581 683 1617 quae
700 1570 744 1619 agit,
758 1584 830 1622 semper

95 1627 185 1666 absentem
199 1629 271 1676 cogitat,
285 1627 306 1665 ad
319 1629 357 1664 eius
370 1628 431 1664 venire
442 1636 558 1676 conspectum
571 1626 634 1664 anxius
643 1626 748 1665 festinauO
762 1629 777 1665 si
790 1641 830 1675 nos,

94 1688 125 1737 qui
134 1687 219 1724 Monachi
231 1687 308 1724 dicimur
317 1687 419 1733 Christiani,
428 1687 458 1735 qui
467 1686 512 1735 Regi
520 1698 612 1734 supremo,
620 1696 638 1723 et
647 1687 747 1725 immortali
756 1688 829 1725 Christo

94 1748 134 1784 lesu
148 1747 252 1793 militamus,
266 1748 296 1796 qui
309 1747 367 1783 Deum
381 1754 463 1783 nostrum
479 1758 531 1794 super
545 1747 606 1782 omnia
623 1744 706 1783 iubemur
719 1745 799 1795 diligere,
813 1757 830 1784 et

94 1806 138 1843 nihil
151 1808 169 1843 in
182 1807 217 1843 hoc
230 1807 297 1843 mundo
310 1816 380 1854 praeter
389 1807 448 1854 ipsum
457 1805 575 1854 praecipimur
584 1818 652 1851 amare,
665 1807 681 1843 si
693 1807 767 1855 inquam
780 1817 830 1845 tanto

95 1866 199 1903 Creatorem
212 1875 294 1902 nostrum
303 1864 451 1914 prosequeremur
461 1877 528 1910 amore,
538 1874 605 1913 quanto
618 1878 658 1901 suas
668 1867 733 1902 amicas
743 1868 830 1917 corrupti·

95 1924 147 1972 biles,
161 1936 178 1963 et
191 1925 276 1962 mortales
291 1926 391 1972 observant,
404 1934 422 1961 et
435 1925 511 1973 diligunt
524 1924 607 1962 homines
624 1926 718 1963 carnaliter
735 1928 830 1976 sapientes.

95 1986 154 2022 Deum
167 1985 218 2023 nobis
236 1987 323 2035 scriptura
341 1996 401 2021 sancta
414 1986 493 2033 quotidie
506 1984 552 2021 lecta
568 1986 653 2029 insinuat,
667 1987 705 2023 eius
718 1987 830 2024 voluntatem

95 2045 147 2083 nobis
160 2044 267 2090 manifestat,
281 2045 323 2095 quid
340 2045 398 2081 hicere
415 2043 518 2089 debeamus,
532 2057 565 2081 uos
580 2046 659 2089 instruit,
673 2056 696 2092 et,
709 2045 751 2095 quid
769 2059 831 2084 cavere

95 2105 162 2155 pandit.
173 2106 207 2143 Per
216 2105 273 2153 ipsam
284 2104 405 2153 Omnipotens
418 2103 513 2140 nobiscum
521 2103 606 2152 loquitur,
620 2114 638 2140 et
651 2104 735 2141 invisibili
747 2118 781 2142 nos
794 2118 831 2142 ma-

96 2167 170 2215 gisterio
188 2158 286 2202 informans
304 2164 412 2210 consolatur,
429 2174 491 2201 sancto
509 2162 579 2201 dicente
592 2164 688 2212 Apostolo:
702 2165 831 2216 Quaecumque
852 2183 919 2218 nonaq-

96 2227 145 2262 enim
159 2227 223 2274 scripta
236 2235 283 2271 sunt,
297 2224 319 2262 ad
332 2234 412 2261 nostram
425 2223 523 2260 doctrinam
537 2225 603 2273 scripta
616 2235 668 2270 sunt,
682 2235 702 2261 ut
715 2238 745 2273 per
761 2227 832 2274 patien-

97 2286 146 2332 tiam,
156 2295 173 2322 et
184 2284 326 2322 consolationem
335 2285 462 2332 scripturatum
471 2295 521 2332 spem
530 2282 634 2320 habeamus.
642 2284 694 2321 Unde
703 2296 756 2320 verus
766 2285 833 2322 Christi

77 2356 79 2360 ’
97 2344 157 2391 miles,
168 2354 185 2381 et
194 2346 288 2395 praecipue
303 2343 406 2388 claustralis,
416 2343 445 2392 qui
454 2343 513 2379 Deunt
522 2343 540 2379 ln
553 2352 593 2380 toto
603 2343 657 2379 corde
665 2356 699 2381 suo
709 2343 772 2392 diligit,
782 2346 834 2395 eique

97 2404 132 2442 soli
145 2404 215 2453 placere
228 2406 345 2454 concupiscit,
360 2404 455 2452 scripturas
473 2402 547 2449 divinas,
560 2414 577 2439 et
591 2403 668 2440 maxime
684 2414 765 2440 sanctum
779 2405 835 2442 Evan-

98 2465 166 2514 gelium
180 2464 276 2501 affectuose
285 2463 404 2511 amplectitur,
413 2471 430 2498 et
443 2463 461 2499 in
475 2463 512 2499 eius
521 2461 598 2500 lectione
607 2463 711 2501 meditando
721 2464 792 2502 assidue
805 2478 835 2503 oc-

100 2534 181 2574 cupatur.
196 2523 305 2573 Quicunque
318 2531 377 2559 autem
390 2522 488 2558 divinarum
504 2523 632 2570 scripturarum
649 2523 735 2561 lectiones
752 2524 835 2574 negligit,

99 2585 147 2636 quod
162 2597 214 2622 verus
228 2583 262 2620 Dei
275 2591 344 2620 amator
357 2583 435 2628 nonsit,
448 2582 541 2619 manileste
557 2583 640 2621 ostendit.
654 2583 688 2621 Sed
706 2583 748 2633 quid
761 2586 785 2623 ait
797 2587 836 2635 ipsa
855 2632 857 2637 y

100 2646 199 2695 scriptura?
213 2645 250 2689 Qui
263 2646 327 2682 avertit
341 2656 402 2681 aurem
416 2657 474 2691 suam,
488 2657 510 2682 ne
524 2643 582 2683 audiat
595 2645 661 2695 legem,
675 2647 732 2684 oratio
750 2647 788 2685 eius
803 2648 836 2686 erit
856 2661 896 2689 Prot.
905 2661 926 2689 28.
