1968 3023
318 287 440 378 INDEX
461 287 631 345 OMNIUM

208 441 295 493 QUAE
316 442 543 483 MEMORABILIA
564 442 636 483 VISA
657 444 741 485 SUNT

331 579 352 609 IN
363 578 394 608 HIS
407 578 501 609 TRITEMll
513 579 613 610 OPERIBUS

269 968 285 997 A

101 1066 155 1096 Abbas
162 1066 246 1095 multorum
252 1065 315 1095 fratrum
323 1065 374 1095 mrllus
382 1074 416 1095 esse
423 1074 451 1102 po·

125 1119 162 1145 test:
170 1114 207 1152 quin
214 1115 289 1145 molestus
296 1115 316 1144 sit
322 1114 405 1150 nonnullis¹
414 1123 438 1152 91.

100 1165 154 1195 Abhas
165 1164 199 1202 quis
209 1164 258 1194 creari
268 1164 330 1200 debeat,
343 1172 375 1200 run⁴

99 1214 180 1244 Abbatum
197 1213 247 1243 minus
263 1213 335 1250 religiosa
352 1213 449 1243 conversatio

124 1262 214 1299 monachis,
226 1262 247 1291 ad
263 1272 302 1300 qnos
317 1262 373 1292 electio
390 1266 450 1299 spectat

124 1311 210 1349 ascribitur,
222 1321 255 1350 ²51·

100 1360 187 1391 Abbatibus
193 1362 283 1392 deformatis
287 1361 324 1391 nihil
330 1361 410 1398 infelicius,
415 1369 448 1397 240⁴

98 1410 198 1440 Abstinentia
208 1411 247 1441 mira
254 1411 274 1441 ab
284 1411 327 1441 oanni
334 1411 449 1441 cibolmmano

123 1470 151 1497 per
161 1461 215 1498 viginti
226 1470 281 1497 annos,
294 1463 325 1490 106.

99 1510 198 1540 Abstinentia
206 1511 272 1540 multum
278 1510 323 1539 addit
328 1510 383 1546 meriti,
393 1520 426 1547 105.

98 1560 144 1590 Actio
162 1559 238 1589 contraria
251 1559 341 1589 mercedem
355 1560 447 1590 contrariam

122 1609 193 1646 accipiet,
205 1611 239 1645 238.
297 1649 298 1653 Ἰ

97 1658 192 1688 Adlrortatio
202 1658 223 1688 ad
233 1668 303 1689 amorem
314 1658 375 1695 quietis,
387 1668 410 1696 39.

97 1707 192 1737 Adher-tatio
199 1708 219 1737 ad
226 1707 333 1737 meditandam
339 1708 403 1738 Domini
410 1718 446 1746 pas-

121 1757 188 1793 sionem,
200 1766 233 1793 115.

96 1806 192 1836 Adlrortatio
202 1806 222 1836 ad
233 1806 304 1836 militiam
314 1806 415 1844 spiritualem,
424 1815 437 1844 7.

97 1855 190 1885 Adlrortatio
198 1856 218 1885 ad
225 1856 299 1892 studium,
308 1860 323 1886 et
333 1856 415 1886 lectionem
423 1866 446 1887 sa-

121 1914 182 1934 crarum
192 1905 308 1942 scripturarum,
320 1915 343 1941 25.

95 1952 190 1984 Adlrortatio
201 1955 222 1984 ad
228 1963 280 1991 senes,
289 1959 304 1984 et
312 1955 381 1992 iuvenes,
394 1963 417 1992 73.

96 2003 189 2033 Admonitio
199 2013 236 2034 vere
246 2005 320 2041 mascula,
333 2013 366 2041 147.

95 2052 196 2083 Advocatum
203 2054 282 2083 habebunt
290 2054 309 2084 D.
319 2054 335 2083 Ρ.
344 2053 446 2084 Benedictum

119 2103 149 2132 sub
159 2103 193 2132 eius
205 2103 259 2139 regula
269 2112 319 2140 usqne
330 2103 345 2132 in
356 2103 403 2133 finem
414 2104 446 2132 Do-

120 2151 164 2181 mino
173 2151 262 2187 militantes¹
275 2160 309 2188 aas,

84 2218 86 2221 v
95 2200 173 2231 Advocati
181 2210 265 2238 pravorum
272 2201 287 2230 in
295 2202 324 2231 Dei
332 2201 389 2232 iudicio
398 2203 445 2232 advo-

119 2254 162 2280 catos
173 2250 223 2280 nullos
234 2251 318 2287 habebunt,
331 2259 364 2288 252.

94 2299 162 2336 Agimus
172 2299 210 2329 nilril
221 2309 273 2337 neque
283 2300 343 2338 iustius,
354 2310 406 2338 neque
417 2301 443 2331 uti·

118 2349 157 2386 lius,
170 2358 218 2386 utram
232 2359 280 2387 qntnn
291 2350 342 2380 Denrn
356 2350 443 2388 diligimus,

120 2402 153 2428 161.
431 2434 433 2437 Ι

94 2448 165 2477 Ambitio
172 2447 208 2478 iacit
218 2448 288 2478 obliuisci
299 2449 390 2491 futurorum,
397 2454 412 2479 et
419 2460 443 2480 ca-

118 2497 159 2527 duca
169 2498 230 2534 sectari,
242 2500 275 2534 238.

93 2547 144 2576 Amor
154 2547 191 2576 nihil
198 2547 241 2577 aliud
248 2551 277 2585 est,
285 2557 332 2585 quam
340 2548 389 2578 dulcis
396 2549 444 2579 ebrie·

118 2599 142 2626 tas
151 2596 218 2633 animae,
230 2599 262 2634 164.

92 2646 152 2676 Amore
163 2644 219 2676 Christi
230 2646 267 2677 nihil
280 2646 340 2685 lortius,
351 2649 375 2686 56.

488 966 539 995 Amor
546 975 590 996 meus
599 967 682 998 crucifixus
689 971 718 998 est.
724 968 760 998 Vox
768 968 788 997 D.
796 968 841 1004 lgna-

512 1014 535 1050 tii,
547 1017 571 1052 56.

488 1064 554 1094 Amabis
560 1066 618 1101 Deum,
624 1066 637 1095 sl
644 1070 707 1103 repetes
714 1067 756 1104 apud
763 1070 785 1104 ie,
791 1075 841 1103 quan·

512 1118 546 1144 tum
556 1123 585 1151 pro
595 1119 611 1144 te
621 1115 662 1151 iecit¹
674 1120 689 1145 et
700 1125 755 1153 passus
765 1120 794 1152 est¹
806 1118 840 1146 166.

487 1163 538 1192 Amor
549 1164 579 1193 Dei
590 1164 622 1201 igni
635 1164 697 1200 similis,
708 1173 733 1201 33.

486 1213 538 1242 Amor
548 1213 579 1242 Dei
591 1213 696 1250 spiritualibus
710 1207 787 1244 exercitiis
800 1213 841 1244 vires

511 1262 576 1299 colligit,
589 1264 620 1306 Ιθρ.

486 1311 538 1341 Amor
548 1311 577 1341 Dei
588 1312 657 1342 otiosum
667 1312 748 1342 hominem
758 1322 793 1343 esse
807 1322 839 1343 non

510 1360 551 1397 sinit,
562 1369 587 1397 42.

486 1409 537 1438 Amor
548 1410 578 1440 Dei
588 1410 635 1440 docet
645 1411 704 1447 omnia,
716 1413 749 1447 1⁶3.

485 1458 550 1489 Amoris
560 1459 609 1489 divini
619 1460 688 1497 energia,
699 1470 724 1498 33.

485 1508 536 1537 Amor
546 1509 584 1538 recti
591 1509 650 1539 lucilius
657 1510 737 1546 retinetur,
745 1520 793 1548 quarn
800 1511 838 1541 reci-

510 1557 552 1595 pitur
561 1559 634 1595 amissus,
645 1568 670 1596 34.

485 1606 557 1643 Angelus
568 1607 627 1637 homini
638 1608 676 1646 quid
687 1613 766 1647 praestat,
773 1619 808 1639 212.

484 1656 580 1693 Apostasiae
590 1666 652 1695 causae,
664 1662 680 1688 et
689 1658 756 1696 radices,
765 1660 838 1697 voluptas

508 1710 549 1740 sunt,
555 1710 571 1735 et
577 1705 630 1736 odium
638 1707 735 1745 disciplinae,
746 1717 781 1745 253.

484 1755 572 1791 Apostatae
584 1756 604 1785 ab
616 1756 671 1786 ordine
683 1766 711 1787 cur
722 1763 836 1795 persequantur

509 1805 595 1834 monachos
610 1806 626 1835 in
641 1805 696 1836 ordine
710 1811 836 1844 perseverantes,

509 1861 542 1890 254.

483 1904 572 1940 Apostatae
585 1905 605 1934 ab
620 1904 675 1934 ordine
686 1913 721 1935 raro
732 1906 773 1935 bona
786 1911 837 1937 morte

508 1953 592 1990 decedunt,
604 1962 638 1990 241,

483 2002 571 2038 Apostatae
577 2012 612 2032 raro
619 2002 639 2032 ad
645 2003 758 2041 poenitentiam
763 2005 835 2041 redeunt¹

509 2053 543 2087 246.
805 2051 806 2054 ’

482 2101 571 2138 Apostatue
576 2101 651 2139 paulatim
657 2102 672 2131 in
678 2103 731 2133 omnia
736 2104 796 2133 scelera
800 2114 836 2141 pro-

507 2150 585 2187 labuntur,
598 2160 630 2188 245.

483 2199 596 2236 Apostatarnm
603 2200 675 2231 advocati
686 2201 702 2230 in
716 2201 742 2231 die
753 2202 805 2232 iudicii
816 2203 836 2233 de

506 2248 559 2279 illicito
573 2249 659 2287 patrocinio
673 2250 749 2281 rationem
763 2251 834 2288 reddent,

506 2308 540 2336 252.

481 2348 595 2385 Apostatarum
600 2349 675 2379 confictas
682 2349 750 2380 rationes
758 2350 803 2380 diluit
809 2361 835 2380 au·

506 2401 545 2434 ctor,
557 2406 591 2434 251.

481 2447 601 2486 Archiepiscopi
612 2453 651 2485 quot
659 2458 679 2478 ex
688 2449 744 2479 ordine
754 2451 774 2479 Dr
785 2442 834 2481 Bene-

506 2500 549 2537 dicti,
560 2511 594 2538 233.

481 2551 531 2580 Arma
542 2555 603 2588 patrum
617 2551 668 2588 qualia
679 2561 708 2589 pro
722 2553 835 2583 restauratione

506 2599 571 2636 ordinis,
583 2609 617 2637 239.

481 2649 531 2679 Arma
538 2649 614 2682 adversus
620 2651 673 2682 nostes
682 2652 729 2692 longe
739 2652 835 2686 validissima
