1968 3023
299 134 348 172 Liber
361 134 447 172 Pcrrticbus
460 135 527 171 Ioaarut's
545 133 624 171 Taranta
796 146 829 183 273

89 217 143 261 Felix,
154 216 184 266 qui
193 214 281 252 soliicitus
292 224 325 252 stat
335 227 388 264 super
401 214 577 260 eustodiarn·suam;
592 214 622 263 qui
631 214 745 252 voluntatem
754 214 830 252 Domini

90 277 131 314 facit
144 287 221 324 semper,
236 274 266 324 qni
279 274 316 311 sine
329 272 401 311 fictione
415 273 436 311 ad
450 274 547 323 puritatem
561 273 634 322 tegulae
648 284 769 313 conversatur.

120 328 124 332 '¹
137 333 171 390 Sed
180 333 202 371 ad
211 346 293 384 praesens
307 333 355 378 haec,
365 346 409 382 quae
422 332 443 370 de
457 342 503 370 statu
517 341 534 370 et
548 332 676 371 reformatione
688 334 758 371 ordinis
772 335 829 372 nostri

89 395 167 433 diximus
176 394 204 443 (ut
218 392 279 443 credo)
288 392 383 437 sufficiunt,
393 405 471 442 quorum
479 392 533 430 lectio
543 405 583 429 cum
593 393 672 430 termino
686 392 759 441 capituli
772 393 827 431 finem

90 457 161 505 quoque
174 453 267 490 sortiatur:
282 452 376 489 Caeterum
390 453 456 499 omnia,
467 462 483 490 et
493 452 568 501 singula,
579 465 625 502 quae
636 452 664 490 vel
673 453 692 490 in
701 452 736 490 hoc
746 463 828 501 tractatu,
881 461 911 487 Huc
925 460 938 486 tn

89 513 118 550 vel
127 514 144 550 in
153 512 191 549 aliis
201 512 269 562 scripsi,
278 512 306 549 vel
316 512 410 562 scripsero,
420 512 497 549 examini
506 522 630 549 sacrosanctae
641 512 727 550 ecclesiae
737 513 828 551 Romanae
849 494 938 556 i‘i‘ia‘ii‘i'ii

90 571 173 618 subiici0,
188 573 238 608 cuins
251 571 312 618 fidem,
321 571 426 618 doctrinam,
435 582 452 608 et
461 571 593 618 diffinitionem,
603 572 663 621 quoad
676 573 737 610 vixero
751 585 827 617 servare,
848 565 896 591 ³⁰d³⁶i⁰
909 573 938 591 ⁵³¹¹·

89 633 161 676 docere,
177 630 255 675 eredere,
270 644 289 668 ac
302 630 396 669 defendere
410 644 490 680 semper,
504 641 521 668 et
534 630 600 681 ubique
614 631 667 669 volo:
682 633 697 669 si
711 631 754 682 quid
766 641 827 670 autem
848 600 937 695 {diuidit

90 691 148 743 (quod
161 690 214 740 absit)
227 690 278 728 aliter
286 704 296 727 a
305 704 333 728 me
347 691 415 728 dictum
428 690 489 737 fuerit,
500 704 553 740 quam
562 690 657 737 ilia-tenet,
669 690 728 737 docet,
740 700 757 729 et
766 691 828 739 credit,
848 678 867 736 ii,
875 678 938 745 qbcadipin

89 754 125 789 iam
138 764 169 799 pet
183 759 284 799 praesentes
298 749 403 798 simpliciter
416 762 492 796 revoco,
506 762 523 787 et
537 763 570 798 pro
584 764 621 788 non
634 750 688 798 dictis
701 749 762 788 haberi
775 750 827 788 volo:
848 745 937 800 ⁶⁰⁵0‘gssssgfflo

89 824 181 849 summum
191 811 297 848 Pontificem
310 811 396 848 vicarium
407 810 474 848 Christi
488 809 529 848 fidei
542 824 599 855 meae,
610 821 663 860 atque
677 810 769 848 doctrinae
782 811 827 848 iudi-
848 808 936 869 {22¹ssssss

90 885 135 917 cem,
148 884 168 908 ac
181 866 313 908 moderatorem
326 870 359 907 hac
372 883 411 907 mea
424 870 553 919 protestatione
566 871 585 907 in
598 869 681 908 omnibus
695 883 734 908 esse
746 869 796 917 volo,
810 880 827 907 et
847 877 937 939 iuraveru-

92 931 156 968 sentio.
345 928 346 931 ¹
847 919 937 983 iderui‘iiii

136 990 200 1026 Lectus
209 988 243 1026 fuit
252 1001 335 1038 praesens
344 997 428 1026 tractatus
437 988 455 1025 in
465 988 542 1036 capitulo
551 988 657 1037 provinciali
666 988 734 1025 ordinis
744 989 761 1026 S.
770 989 826 1029 Bene·
847 988 900 1010 mim·

90 1050 133 1087 dicti
148 1050 252 1087 Provinciae
266 1049 389 1097 Magrrntinae,
403 1049 421 1086 in
434 1048 506 1085 Hirlzau
521 1047 618 1094 celebrato,
633 1049 655 1085 ad
672 1061 759 1085 mensam.
772 1049 826 1086 Anno

89 1108 164 1145 Domini
173 1108 270 1145 Millesinao
280 1107 451 1156 Quadrigentesimo
459 1108 583 1157 Nonagesimo
592 1106 654 1144 tertio:
668 1107 770 1153 Dominica,
779 1106 826 1144 Iubi-

89 1167 130 1213 late,
144 1176 161 1204 et
174 1165 235 1203 diebus
249 1165 363 1216 sequentibus
377 1179 433 1216 usque
447 1165 468 1203 ad
482 1165 541 1215 finem.
556 1165 646 1204 Omnibus
660 1175 719 1203 autem
728 1165 826 1204 Abbatibus

90 1225 133 1263 inibi
146 1226 233 1273 adunatis,
246 1226 354 1274 volentibus,
368 1236 385 1264 et
398 1225 563 1270 consentientibus,
574 1235 660 1262 statutum
674 1224 718 1272 fuit,
732 1237 751 1262 ut
764 1226 825 1275 impri-

89 1295 176 1323 meretur:
186 1296 203 1323 et
212 1287 230 1323 in
239 1286 303 1323 futuris
311 1286 397 1335 Capitulis
404 1284 545 1323 Provinciaiibns
554 1285 576 1323 ad
585 1297 666 1322 mensam
675 1298 746 1334 semper
755 1284 825 1334 publice

89 1345 184 1394 legeretur:
198 1346 223 1382 Ut
235 1355 283 1395 patet
297 1346 315 1383 in
328 1347 404 1384 statutis.

389 1571 392 1577 '
421 1576 487 1616 FINIS.
