1968 3023
386 180 463 218 Humilia
477 179 525 218 XIII.
800 191 820 227 91

88 259 152 306 lucem,
166 270 183 297 et
196 262 233 299 odit
247 264 388 311 correptionem,
403 261 443 310 quia
457 260 522 297 stultus
536 270 573 296 est:
587 260 616 309 qui
631 271 689 297 antem
701 271 780 297 sensatus
795 269 821 296 est

86 320 154 366 animo,
168 322 232 370 gratias
246 332 286 371 aget
298 335 331 359 sno
346 321 448 359 correctori.
457 321 555 368 Propterea
569 320 586 356 in
600 319 632 356 ltac
647 332 695 368 parte
708 333 744 358 non
757 333 821 357 vereor

87 378 127 416 odia
141 382 290 418 murmurantium
304 380 429 427 subditorum,
443 382 501 417 sciens
515 393 544 417 tne
558 392 619 416 curam
637 379 746 417 infirmarum
760 393 821 418 susce-

87 439 134 487 pisse
146 439 215 486 otium,
230 441 301 489 quibus,
311 451 328 477 et
337 440 439 478 volentibus
449 450 466 476 et
474 438 583 484 nolentibus,
594 439 655 476 salutis
663 450 725 477 teneor
738 440 822 478 adhibere

87 498 170 537 remedia
180 499 198 536 Si
208 500 245 537 fieri
254 510 322 549 posset,
333 499 401 544 fratres,
412 508 493 550 optarem
503 511 619 548 summopere
632 500 722 537 nerninem
735 512 821 547 vestrunt,

87 559 105 595 in
118 558 178 608 aliquo
191 559 219 597 vel
232 561 309 598 tenuiter
321 559 431 610 perturbare,
442 560 472 597 sed
482 560 500 597 in
509 558 569 597 medio
579 560 633 596 vestri
643 572 682 597 cum
692 573 763 597 summa
776 571 822 598 tran-

87 616 173 666 quillitate
187 619 293 665 conversari,
303 628 320 656 et
328 619 409 656 Domino
418 619 458 656 Deo
472 627 535 655 nostro
544 619 562 654 in
571 630 614 668 pace
624 620 695 665 mentis,
710 631 728 657 et
742 620 821 669 corporis

87 677 166 720 hilariter
179 678 273 716 deservire.
291 679 326 716 Sed
343 680 384 728 quia
399 691 436 717 non
454 690 528 724 omueS,
547 691 591 728 quae
604 679 639 715 Dei
652 689 701 726 sunt,
715 680 733 718 in
747 681 821 718 veritate

850 318 930 353 Naupotest

842 353 880 379 abbas
896 353 929 379 mut-

841 394 884 414 totnnt
904 387 929 414 fra·

841 422 929 457 trnm[culpas

841 458 929 493 corrigere]

842 492 872 526 quin
885 493 929 519 mole-

841 528 929 555 stussitnon-

841 562 884 589 nullis.

87 738 176 786 qnaeritis,
191 748 262 788 oportet
275 751 304 775 rne
318 740 413 788 corripere,
425 747 442 776 et
455 738 550 787 aliquando
564 738 635 777 turbare
645 740 740 790 inquietos,
753 755 776 779 ne
789 743 822 779 itn·
838 762 840 766 ·

87 797 156 845 punitas
170 810 265 845 parvorum
279 797 366 835 scelerum
380 797 472 835 andaciam
485 797 569 847 praebeat
582 799 691 847 graviorum.
710 800 750 837 Scio
764 802 819 846 enim,

87 868 140 905 quam
154 855 209 904 patiar
222 856 345 893 necessitatem
359 856 433 905 periculi
451 869 503 893 curae
522 856 627 905 pastoralis,
640 868 657 894 et
669 858 710 896 ideo
724 858 775 896 silere
788 873 821 897 nec

87 928 166 964 possum,
179 929 211 953 nec
225 916 281 953 debeo
295 916 346 954 vobis
359 916 483 965 peccantibus,
497 929 519 953 ne
533 915 553 953 ab
567 916 655 966 aliquibus
668 918 736 957 iudicer
748 932 821 957 consen-

87 975 138 1012 tiens.
152 974 235 1013 Libenter
248 975 324 1023 suffero,
338 976 353 1012 si
366 988 395 1012 me
409 985 504 1024 propterea
522 976 614 1023 contingat
631 976 673 1013 odio
691 977 759 1015 haberi:
774 979 821 1028 quod

88 1048 128 1072 curn
142 1035 179 1073 fieri
192 1036 230 1072 sine
243 1035 350 1084 gravissimo
369 1036 470 1072 animarum
485 1045 584 1072 vestrarum
603 1036 682 1084 periculo
698 1047 781 1087 nequeat,
792 1051 821 1075 ro-

86 1108 149 1144 gamus
162 1107 194 1132 uos
208 1107 239 1143 per
252 1095 351 1132 Dominum
370 1104 452 1131 nostrum
465 1094 524 1131 Iesum
539 1094 632 1132 Christum
649 1109 682 1144 pro
699 1097 751 1134 nobis
765 1099 821 1135 cruci·

48 1169 50 1171 ’
86 1153 147 1200 fixum,
161 1162 180 1190 ut
194 1164 280 1202 paternas,
294 1162 311 1189 et
325 1153 433 1189 necessarias
447 1152 579 1201 increpationes
593 1163 662 1190 nostras
675 1167 708 1204 pro
717 1156 751 1193 Dei
761 1170 821 1194 amore

86 1213 104 1250 in
118 1212 242 1249 remissionem
255 1221 369 1260 peccatorum
383 1222 485 1248 vestrorunt
495 1211 545 1248 omni
554 1222 636 1261 tempore
644 1215 736 1261 patienter,
751 1226 768 1252 et
781 1230 821 1253 curn

86 1284 127 1309 vera
140 1271 240 1309 humilitate
254 1271 362 1308 sustineatis.
378 1270 450 1319 Cogitet
467 1266 590 1320 unusquisqne
608 1272 655 1321 apud
668 1286 686 1310 se
700 1274 770 1312 nullum
783 1290 822 1314 esse

86 1331 141 1377 diem,
150 1332 168 1368 in
181 1344 217 1380 quo
231 1330 291 1368 omnia
304 1330 417 1376 benefaciat,
428 1340 445 1367 et
458 1343 494 1368 non
508 1330 586 1369 offendat
599 1332 617 1368 in
631 1332 691 1383 aliquo
696 1349 701 1380 ;
710 1337 789 1385 sciatque
803 1351 821 1374 se

86 1391 187 1428 mercedem
204 1403 278 1427 suorum
296 1402 372 1440 operum
386 1390 404 1427 in
417 1389 467 1427 brevi
484 1402 609 1440 recepturum,
623 1405 656 1441 pro
670 1393 721 1431 bonis
735 1395 789 1441 bona,
804 1408 821 1434 et

86 1464 118 1500 pro
132 1450 183 1487 malis
197 1449 278 1487 similiter
292 1449 344 1487 mala.
358 1449 431 1487 Studeat
445 1462 496 1498 erg0,
507 1460 665 1500 quantumcunque
679 1463 744 1502 potest,
758 1457 775 1493 in
788 1457 820 1494 hac

85 1511 122 1547 vita
135 1523 168 1558 pto
182 1508 250 1546 delictis
263 1508 370 1556 satisfacere,
384 1519 401 1545 et
415 1522 477 1546 omnes
491 1509 594 1559 iniquitates
604 1524 644 1548 suas
653 1513 757 1562 quotidiana
770 1517 820 1553 casti-

86 1570 156 1620 gatione
170 1569 250 1618 corporis
263 1568 356 1606 humiliter
373 1569 450 1617 expiate.
467 1569 536 1607 Scitote
551 1569 614 1608 fratres
631 1573 677 1619 mei,
690 1575 730 1622 quia
743 1588 780 1614 non
794 1586 820 1613 est

86 1629 158 1679 aliquod
171 1639 264 1677 peccatum
277 1639 314 1665 tam
327 1641 410 1677 parvum,
421 1629 469 1678 quod
480 1628 615 1677 Omnipotentls
624 1631 659 1668 Dei
667 1633 734 1671 lustitia
743 1632 820 1673 dimittat

86 1689 199 1738 impunitum.
213 1688 308 1737 Propterea
322 1700 363 1724 curn
376 1701 431 1724 nenio
445 1688 468 1724 sit
483 1700 576 1734 nostrum,
594 1692 624 1739 qni
642 1704 678 1729 non
696 1693 790 1733 offenderit
802 1696 819 1733 ln

30 1778 31 1782 ,
47 1752 48 1755 ’
86 1748 152 1795 rnultis,
166 1757 233 1784 armate
246 1760 278 1784 vos
292 1759 355 1795 precor
369 1748 460 1796 patientia,
470 1758 487 1784 et
500 1748 606 1794 humilitate,
616 1761 635 1787 ut
651 1753 721 1800 quoties
734 1767 767 1803 pro
779 1769 820 1804 pec-

86 1810 128 1846 catis
142 1809 220 1856 correpti
233 1806 308 1852 fueritis,
318 1819 358 1843 cunr
369 1807 419 1844 omni
428 1807 566 1844 mansuetudine
576 1811 683 1849 sustineatis.
694 1812 740 1850 Nam
754 1815 772 1851 in
785 1816 819 1853 hoc

85 1878 166 1916 ternpore
180 1866 265 1904 libertatis
279 1865 347 1903 arbitrii
365 1879 406 1902 curn
424 1879 478 1916 parva
496 1868 598 1916 expiatione
615 1871 656 1907 satis
674 1874 748 1921 potestis
762 1874 820 1913 facere

86 1940 117 1977 pro
132 1926 195 1963 debitis
210 1924 276 1968 multis,
291 1924 362 1973 qnando
371 1934 412 1973 post
421 1934 500 1961 mortem
509 1927 527 1963 in
537 1930 641 1976 purgatorio
650 1932 709 1969 anima
720 1933 774 1971 etiam
786 1948 819 1984 pro

86 1986 143 2035 parvis
153 1984 190 2030 din,
201 1994 218 2021 et
228 1984 332 2033 gravissime
342 1982 455 2022 cruciabitur.
465 1985 562 2023 Enimvero
572 1987 649 2025 rnulttnn
662 1991 710 2027 valet
722 1993 819 2031 satisfactio

84 2045 190 2083 voluntaria:
205 2057 249 2094 quae
262 2053 322 2080 autem
332 2042 352 2079 fit
362 2056 383 2080 ex
392 2044 504 2090 necessitate,
513 2046 573 2082 minus
582 2058 696 2094 promeretur
705 2052 726 2089 ad
734 2054 817 2101 gratiam:

85 2105 173 2151 Ornnlno,
186 2103 255 2149 fratrea,
269 2102 359 2149 convenit,
369 2113 386 2140 et
400 2112 471 2151 oportet
480 2104 558 2140 animarn
567 2107 640 2155 pnrgari
652 2121 662 2144 a
675 2109 748 2157 delicto,
763 2114 777 2150 si
791 2114 820 2151 de-

84 2163 124 2200 beat
137 2164 155 2200 in
169 2162 221 2199 caelis
235 2174 314 2211 regnare,
328 2171 345 2197 et
359 2161 436 2210 gaudere
446 2173 486 2197 cum
497 2161 575 2200 Christo.
586 2165 651 2202 Anima
661 2179 709 2212 vero,
719 2183 764 2219 quae
777 2185 819 2221 pur·

84 2223 176 2272 gationem
190 2222 297 2259 delictorum
315 2222 332 2258 in
350 2220 439 2270 praesenti
457 2221 493 2257 vita
510 2221 619 2270 neglexerit,
638 2228 710 2273 grauius
726 2230 744 2265 in
758 2229 818 2269 futuro

84 2282 250 2332 punietur.‘Nerno,
259 2290 340 2318 vestrum
354 2281 405 2325 dicat,
416 2281 478 2317 fratres
491 2282 527 2317 mei
541 2282 645 2330 charissimi,
655 2285 703 2334 quod
712 2288 772 2336 plnres
785 2291 818 2327 im.

84 2342 136 2391 periti
149 2342 232 2378 homines
246 2341 305 2378 dicere
319 2351 453 2378 consueverunt.
472 2339 541 2377 Sufficit
554 2342 610 2388 mihi,
625 2343 640 2380 si
653 2346 711 2383 anima
725 2360 764 2385 mea
777 2363 819 2399 pur-

83 2401 148 2450 gatorii
163 2412 229 2450 poenas
243 2410 339 2437 consecuta
352 2399 414 2436 fuerit:
433 2398 504 2436 Credite
520 2399 565 2436 mihi
580 2399 651 2446 fratres,
669 2405 771 2455 quicunque
784 2409 819 2446 hoc

84 2458 157 2497 verbnm
172 2472 193 2495 ex
204 2459 263 2496 animo
273 2458 344 2504 dixerit,
355 2458 398 2508 qnid
406 2458 487 2494 futurum
496 2459 518 2494 sit
528 2461 657 2507 purgatorium¹
668 2476 703 2500 non
717 2467 817 2514 perpendit.

83 2519 143 2557 Nescit
157 2520 214 2561 enim,
229 2518 271 2567 quid
288 2526 344 2567 petat,
361 2518 392 2567 qui
408 2518 533 2566 purgatorium
549 2517 642 2557 desiderat.
660 2522 819 2566 Quemadmodum

84 2579 148 2616 stultus
162 2588 195 2623 est,
210 2578 240 2627 qui
254 2591 294 2614 cum
308 2588 369 2626 posset
383 2577 452 2614 soluere
465 2575 545 2614 debitum
558 2577 608 2625 liber,
620 2584 724 2631 contemnit,
734 2594 751 2623 et
764 2586 819 2625 libens

84 2639 132 2677 vadit
145 2639 166 2676 ad
180 2652 278 2685 careerem3
293 2639 317 2676 ita
330 2640 447 2676 stultissimus
457 2640 538 2676 omniurn
548 2640 642 2679 hominum
656 2654 683 2681 est
696 2648 761 2685 merito
774 2649 819 2686 iudi-

85 2699 158 2746 candus,
173 2700 203 2750 qui
217 2701 318 2738 satisfacere
331 2701 349 2738 in
362 2701 395 2738 hac
408 2702 451 2748 vita,
463 2714 503 2738 cum
513 2703 569 2752 possit
578 2704 618 2742 Deo
627 2717 660 2754 pro
669 2708 752 2755 peccatis,
762 2709 820 2750 differt

864 2416 927 2452 Purgato-

839 2450 872 2476 rium
894 2452 928 2477 desi·

839 2486 883 2512 derare
890 2494 906 2513 an
913 2486 927 2513 li·

840 2528 872 2547 teat.
