1968 3023
77 782 114 809 Ecel
119 792 135 809 e-

48 817 136 844 siaesanetio-

49 861 72 878 nes
88 861 136 879 seeun-

48 887 79 913 dunr
93 887 136 913 Evan-

48 921 97 956 gellam
106 931 136 957 pro·

47 957 89 983 rimae
101 963 136 983 aurit.

75 1140 136 1167 authori-

47 1176 82 1202 tatis.

60 1211 87 1236 Pau
95 1210 136 1236 Euan·

47 1244 88 1279 geliea
99 1253 136 1280 quae,

47 1286 60 1305 et
68 1281 136 1315 quomodo

46 1314 133 1352 possideatur.

64 1364 104 1391 Prou.
114 1365 134 1392 16.

62 1560 103 1587 Hebra
113 1569 133 1587 ra

162 159 184 186 22
346 145 394 196 Qttae
406 148 426 185 sit
439 153 526 186 arrrtatara
538 146 608 185 raiatia
620 146 716 198 spiritualis.

160 227 265 265 anchorum.
280 226 391 264 Christianus
403 239 480 276 namque
493 225 558 264 salvari
571 237 635 276 potest,
644 239 681 264 non
690 226 797 273 Monachus,
810 227 841 265 sed
855 229 894 265 Mo-

159 286 227 324 nachus
236 285 299 323 salvari
308 298 345 323 non
354 286 425 334 poterit,
434 286 468 322 nisi
476 285 529 322 luerit
539 285 657 337 Christianus,
666 286 735 323 Pudeat
744 287 832 335 quosdam
840 288 894 324 nimis

159 345 300 394 superstitiosos,
314 355 332 382 et
345 345 404 382 fatuos
418 345 526 391 claustrales,
541 345 571 393 qui
586 344 664 393 regulas,
677 353 695 381 et
708 354 773 382 statuta
790 358 822 382 sua
839 346 894 395 pluris

159 404 230 449 faciunt,
244 418 297 454 quant
307 404 422 454 Euangelium
434 404 507 450 Christi,
520 405 551 454 qui
564 404 669 441 traditiones
682 404 778 442 hominnm
791 405 893 443 custodiunt

159 476 216 513 usque
229 463 251 500 ad
265 475 350 509 carceres,
363 472 380 499 et
394 462 468 506 vincula,
478 463 512 499 Dei
521 471 580 500 autent
591 463 733 508 constitutiones,
743 473 761 499 et
770 463 845 501 Sanctae
857 465 894 501 uni·

158 522 232 559 versalis
244 522 334 559 Ecclesiae
345 533 383 558 non
396 520 494 558 advertunt.
504 521 536 557 His
548 519 601 557 uerba
610 520 707 558 Salvatoris
719 523 777 558 nostri
790 533 838 559 recte
851 535 893 561 con-

158 582 239 627 veniunt,
248 582 317 619 ludaeis
331 581 377 619 κατά
389 581 501 620 Mattltaeum
511 580 590 625 dicentis
600 581 660 625 Quare
674 590 692 617 et
706 593 737 618 vos
747 583 892 632 transgredimini

158 640 263 678 mandatum
275 640 310 677 Dei
322 650 395 689 propter
412 638 527 677 traditionem
543 641 633 677 vestram?
644 640 754 690 'Evangelica
770 655 848 691 namque
861 642 892 679 do-

158 701 222 746 ctrina,
236 699 319 737 omnibus
332 700 388 737 totius
405 699 467 736 rnundi
485 699 642 736 constitutionibus
659 700 754 750 longeest
769 702 891 750 praeferenda.

157 760 201 797 Post
214 759 330 808 Evartgellum
343 771 386 795 uero
395 760 474 807 priorum
487 760 598 796 auctoritatis
611 759 672 796 locum
685 769 752 796 statuta
765 760 847 798 obtinent
860 761 892 798 Ec-

157 819 221 856 clesiae
237 819 350 856 universalis:
364 827 381 854 et
394 818 452 855 nullae
466 818 598 856 lulonaclrorum
615 819 761 866 constitutiones,
774 830 804 857 aut
820 821 892 870 regulae

156 878 191 916 illis
205 879 290 928 dignitate
305 888 435 928 comparantur.
445 879 532 915 Curemus
545 878 567 914 ad
580 878 705 928 Euarigelicanr
714 881 775 917 uiuere
787 881 891 928 puritatem,

156 949 173 976 et
186 940 252 976 erimus
266 939 284 975 in
293 939 392 976 lllonastica
401 948 472 987 patrum
482 939 617 975 conversatione
625 938 707 988 perlecti.
716 939 754 975 Sint
767 941 821 987 pedes
835 950 892 976 nostra

157 999 225 1036 calciati
238 1011 307 1048 semper
320 999 338 1035 in
351 999 504 1047 praeparationem
517 998 608 1047 Evangelii
625 999 682 1048 pacis,
696 1008 715 1035 ut
728 998 860 1036 mortificemus
873 1000 891 1035 in

156 1058 208 1096 nobis
221 1058 307 1095 desideria
317 1059 379 1104 carnis,
393 1068 410 1094 et
422 1070 453 1106 per
467 1070 547 1094 amorem
556 1059 597 1103 Dei,
608 1069 624 1094 et
633 1059 711 1106 proximi
720 1070 782 1106 pacem
794 1058 890 1095 habeamus

157 1131 198 1155 cum
212 1117 301 1156 omnibus.
313 1118 361 1155 Nam
374 1119 411 1153 sine
424 1130 471 1166 pace,
486 1128 503 1154 et
518 1118 613 1154 concordia
626 1117 805 1168 iraternitatis,nihil
818 1117 890 1166 prodest

156 1179 253 1215 maceratio
267 1178 331 1223 carnis,
346 1178 410 1215 Sancto
424 1177 492 1214 dicente
505 1177 629 1224 Hieronymo:
644 1177 730 1225 Quisquis
744 1189 809 1226 corpus
822 1177 890 1226 affligit,

156 1238 188 1276 sed
197 1237 312 1275 concordiam
321 1237 393 1283 deserit,
401 1237 460 1273 Deum
470 1235 541 1284 quidem
550 1235 609 1272 iaudat
618 1237 636 1273 in
645 1246 737 1284 tympano,
745 1238 776 1273 sed
784 1249 821 1273 non
830 1238 890 1274 laudat
926 1233 927 1236 ¹

156 1299 174 1335 in
188 1298 249 1336 choro.
263 1299 309 1334 Hinc
322 1297 407 1333 Salomon
423 1296 516 1344 pacificum
533 1296 607 1333 laudans
620 1297 679 1333 uirum
695 1297 738 1332 dicit
750 1297 769 1332 in
781 1296 889 1334 Proverbiis:

155 1357 221 1394 Melior
234 1366 260 1394 est
273 1355 350 1393 buccella
363 1356 409 1392 sicca
422 1368 463 1391 cum
475 1355 546 1404 gaudie,
557 1368 610 1404 quam
620 1356 684 1392 domus
695 1356 748 1404 plena
755 1357 834 1392 victimis
849 1369 889 1393 cum

154 1418 219 1465 iurgio.
229 1416 250 1452 Et
259 1417 331 1453 iterum:
341 1415 410 1458 Honor,
419 1416 482 1463 inquit,
492 1424 518 1451 est
527 1415 602 1459 homini,
612 1416 643 1463 qui
655 1423 724 1463 separat
737 1428 756 1451 se
769 1427 779 1451 a
792 1419 889 1453 contentio-

154 1476 212 1523 nibus,
226 1489 288 1513 omnes
302 1485 362 1511 autem
375 1474 425 1511 stulti
437 1475 535 1510 miscentur
549 1474 668 1511 contumeliis.
681 1473 756 1510 Sanctus
770 1475 823 1511 etiam
837 1475 888 1512 Chri-

155 1536 242 1585 stoplrilus
256 1544 325 1572 artrator
334 1535 381 1583 pacis
391 1546 423 1571 nos
433 1533 516 1571 admonet
526 1535 591 1572 dicens:
601 1535 666 1571 Pacem
675 1536 770 1584 sequimini
780 1548 821 1572 cum
831 1537 888 1572 omni-

110 1621 111 1625 =
154 1597 192 1641 bus,
207 1607 224 1633 et
236 1596 381 1640 sanctimoniam,
395 1596 432 1632 sine
445 1608 480 1645 qua
492 1608 547 1632 nemo
558 1595 625 1632 videbit
635 1597 701 1633 Deum.
711 1596 763 1633 Unde
772 1606 790 1632 et
798 1597 888 1647 Propheta

74 1675 111 1702 Zaclr.
121 1676 133 1702 ll.

78 1790 111 1817 Mar.
120 1798 132 1825 9.

72 1855 102 1881 Esa.
112 1861 132 1889 57.

153 1656 252 1693 Zacharias:
266 1656 336 1701 Pacem,
350 1665 368 1691 et
379 1655 473 1691 veritatem
487 1654 560 1703 diligite,
574 1654 616 1692 dicit
629 1656 718 1692 Dominus
732 1657 853 1704 omnipotens.
866 1657 899 1693 Et.

153 1716 234 1753 Salvator
249 1724 311 1752 noster
327 1714 370 1751 dicit
383 1715 401 1750 in
414 1715 478 1751 Sancto
492 1714 589 1762 Evangelio
606 1715 704 1751 secundum
717 1715 805 1752 Marcum.
818 1714 888 1752 Habete

153 1776 171 1812 in
184 1775 235 1812 uobis
248 1774 279 1818 sal,
293 1783 311 1810 et
323 1786 386 1823 pacem
395 1774 459 1811 habete
471 1774 518 1810 inter
531 1786 568 1810 vos.
579 1775 620 1811 Non
634 1783 661 1810 est
674 1786 708 1821 pax
721 1775 787 1822 impiis,
796 1775 839 1811 dicit
852 1775 887 1812 Do-

152 1836 218 1872 minus.
231 1834 248 1870 Is
260 1843 320 1870 autem
333 1845 374 1870 vere
383 1833 435 1869 miles
444 1843 470 1869 est
480 1833 552 1879 Christi,
561 1835 592 1882 qui
604 1845 667 1881 pacem
675 1832 727 1869 habet
741 1846 781 1870 cum
790 1834 836 1878 Deo,
846 1846 887 1873 cum

151 1896 244 1944 proximo,
259 1904 277 1930 et
289 1895 308 1930 in
321 1894 424 1942 semetipso.
438 1893 485 1929 Cum
498 1893 538 1930 Deo
551 1905 614 1941 pacem
627 1892 692 1930 habere
704 1894 760 1931 homo
774 1894 843 1939 dicitur,
857 1899 887 1944 qui

152 1955 198 1992 bona
210 1955 303 1992 uoluntate
316 1963 383 1999 motus
396 1963 414 1989 et
427 1965 522 1990 conversus
536 1954 558 1990 ad
571 1954 631 2001 ipsum
648 1965 679 2001 per
697 1955 802 1991 continuum
820 1956 886 1992 amoris

151 2014 264 2058 desiderium,
275 2015 381 2061 contemptis
390 2012 502 2057 transitoriis,
515 2013 580 2049 mentis
594 2013 651 2049 aciem
664 2013 686 2049 ad
698 2025 775 2061 superna
788 2015 855 2063 dirigit,
870 2025 886 2051 et

152 2076 217 2119 omnia,
231 2086 275 2123 quae
289 2073 378 2110 Dominus
391 2072 481 2121 praecipit,
495 2072 632 2120 diligentissime
646 2073 729 2111 custodit.
744 2074 789 2110 Nato
807 2076 886 2111 enimin

151 2147 203 2172 carne
216 2135 251 2171 Dei
263 2133 314 2176 Filio,
328 2132 386 2169 Sancti
399 2133 463 2181 Augeli
477 2132 556 2168 Domino
574 2132 651 2180 gloriam
668 2134 777 2180 cecinerunt,
790 2135 820 2183 qui
833 2147 886 2182 super

150 2194 211 2231 omnia
224 2191 290 2229 residet
302 2192 320 2228 in
334 2191 414 2236 excelsis,
429 2200 445 2227 et
460 2203 522 2240 pacem
540 2183 693 2228 anrtunciaverunt
710 2192 813 2230 hominibus
830 2194 886 2231 bonae

150 2253 253 2290 voluntatis.
266 2251 318 2299 impii
332 2261 398 2297 autem,
413 2260 430 2287 et
443 2251 503 2287 iniusti
516 2251 600 2287 homines
613 2251 659 2288 hauc
672 2264 713 2288 curn
726 2253 765 2289 Deo
778 2265 842 2302 pacem
855 2254 885 2291 lta-

150 2314 190 2351 bere
204 2324 300 2362 nequeunt,
314 2312 399 2361 quoniam
412 2323 452 2347 suas
465 2324 475 2347 a
489 2312 570 2348 Domino
583 2312 684 2349 voluntates
700 2323 807 2351 auerterunt.
820 2314 884 2351 Pacem

150 2386 193 2410 vero
206 2373 260 2409 habet
270 2384 310 2408 curn
319 2372 408 2420 proximo,
417 2372 447 2421 qui
456 2371 500 2408 nulli
513 2371 555 2407 lacit
568 2372 698 2421 ininriam,qui
710 2372 768 2410 laesus
781 2385 818 2410 non
827 2373 885 2411 reddit

149 2433 253 2477 uindictam,
262 2432 293 2470 sed
306 2431 373 2468 malum
382 2432 453 2468 vincens
462 2432 481 2468 in
490 2430 544 2478 bono,
553 2431 649 2469 fraternam
660 2444 759 2482 numquam
768 2433 833 2471 deserit
846 2434 884 2472 cha·

149 2494 225 2530 ritatem.
239 2492 257 2529 Si
271 2500 332 2529 contra
341 2491 388 2528 hunc
401 2491 454 2528 talem
462 2491 593 2541 proximorum,
603 2493 691 2541 quispiam
700 2486 765 2530 iniuste
778 2504 884 2541 murmurat,

149 2565 186 2591 non
201 2553 242 2590 ideo
255 2553 307 2589 miles
317 2552 384 2590 Cltristi
397 2551 473 2589 deseruit
486 2564 554 2601 pacem,
564 2553 605 2602 quia
617 2552 693 2590 forsitan
702 2552 746 2589 alius
756 2553 834 2591 instituit
846 2554 884 2592 sine

151 2629 203 2654 causa
216 2617 261 2654 iusta
272 2616 357 2654 iniustam
366 2615 532 2654 murmurationem.
542 2617 601 2655 Iustus
610 2614 672 2659 homo,
682 2616 713 2666 qui
721 2630 784 2667 pacem
793 2630 834 2655 cum
843 2616 883 2655 Deo

149 2676 207 2722 habet,
220 2677 265 2715 nulli
278 2679 351 2729 cupiens
365 2694 429 2719 nocere
442 2683 571 2731 proximorum,
585 2694 633 2722 recte
647 2684 717 2723 dicetur
729 2682 820 2736 pacificus,
830 2680 883 2719 etiam
