1968 3023
314 143 365 182 La'bcr
377 142 465 181 Panticbrls
478 143 545 181 [narraris
563 142 641 181 Tritcrm'i.
813 153 848 193 247

109 224 197 274 religione
211 236 329 267 conservares,
340 223 421 269 doceres,
431 222 540 267 institueres,
555 223 665 270 emendares,
680 225 779 273 corrigeres
794 223 849 261 delin-

109 292 191 333 quentes.
204 282 234 320 Tu
244 291 304 319 autem
318 281 372 319 odisti
385 281 505 329 disciplinam,
519 291 536 318 et
549 282 646 330 proiecisti
654 294 747 319 sermones
761 295 812 320 meos
823 296 849 320 re-

109 354 199 380 trorsum:
213 342 228 378 si
241 340 313 378 videbas
327 340 390 387 furem,
405 339 489 378 currebas
504 353 544 377 cum
558 353 586 388 eo,
599 350 616 378 et
630 354 670 378 cum
684 340 770 379 adulteris
783 343 850 392 portio·

109 414 150 439 nem
163 410 214 438 tuam
231 400 316 449 ponebas:
329 398 457 449 Voluptatibus
476 401 533 438 carnis
551 401 630 437 intentus
647 413 690 438 oves
704 414 753 438 meas
768 414 805 439 non
819 415 849 438 cu-
870 403 933 437 Pul-an

109 460 187 498 stodisti.
205 460 272 498 Idcirco
286 459 346 507 redde,
360 460 410 509 quod
425 459 490 497 debes:
505 459 590 497 Monachi
607 469 703 510 postquam
717 460 739 497 de
753 461 814 498 seculo
828 460 849 498 ad

110 520 216 570 religionem
230 531 321 565 venerunt,
332 520 367 557 mei
380 521 425 557 iuris
439 520 481 557 facti
495 530 545 567 sunt;
559 529 576 557 et
585 532 622 557 non
635 519 677 557 licet
687 520 712 557 eis
726 520 747 557 ad
756 520 848 557 saeculum

110 580 185 617 ulterius
198 580 270 618 reuerti:
284 580 313 617 Tu
323 590 381 617 autem
395 580 477 617 minister
491 581 553 617 ovium
566 592 647 616 mennam
661 581 770 617 constitutus
780 593 805 627 es,
815 592 851 617 non

109 641 202 685 dominus,
218 653 250 677 nec
265 638 330 676 licebat
345 638 377 675 tibi
396 638 463 688 aliquid
477 639 513 677 mei
530 639 586 683 Iuris,
600 652 635 688 quo
649 639 676 676 vis
689 639 746 677 modo
759 638 848 685 alienare,

109 713 205 748 usurpare,
220 699 248 736 uel
266 698 350 746 diripere:
372 699 438 738 Custos
458 710 539 736 mearum
558 711 619 736 rerum
636 711 684 744 eras,
697 711 735 735 non
752 708 849 747 patronus;

110 758 189 807 quaesita
209 769 286 804 servare,
300 757 378 806 dispersa
398 757 489 805 requirere
506 756 582 795 fideliter
599 757 693 795 debueras:
712 758 741 795 Tu
755 770 799 795 vero
813 759 848 794 mei

109 816 181 864 oblitus,
190 816 318 854 haereditatem
331 828 389 852 meam
403 815 500 864 dissipasti,
514 829 556 853 oves
570 816 674 865 dispersisti,
684 817 741 854 immo
752 830 773 854 ex
783 816 848 854 ovibus

110 876 176 924 beluas,
186 890 207 913 ex
216 877 271 913 seruis
281 876 371 921 inimicos,
382 888 403 912 ex
412 875 496 913 federatis
505 876 586 914 infideles
595 876 657 915 fecisti.
671 877 724 915 Nunc
733 890 777 927 ergo
787 876 847 922 redde,

110 936 159 986 qnod
172 935 235 973 debes:
248 936 286 984 Ego
299 935 398 972 monachos
412 933 444 972 tibi
458 935 547 982 commisi,
557 948 602 985 qnos
611 939 629 973 in
638 946 700 973 sancto
713 937 810 985 proposito
820 937 848 974 de-

109 992 173 1032 bueras
187 1007 301 1040 conservare;
315 995 393 1032 iacentes
407 995 481 1042 erigere,
491 994 572 1032 infirmos
586 1007 656 1033 curare:
670 994 773 1032 deficientes
783 997 849 1032 instau-

110 1067 154 1099 rare,
168 1062 260 1103 torpentes
274 1054 358 1090 charitate
372 1052 475 1100 accendere,
489 1053 599 1103 negligentes
611 1063 699 1098 excutere,
713 1064 807 1103 peccantes
822 1067 848 1091 ar-

110 1126 170 1163 guere,
185 1112 308 1150 inobedientes
322 1112 418 1161 corripere,
433 1107 530 1150 dissolutos
544 1113 658 1162 restringere,
673 1125 767 1161 perversos
777 1127 787 1150 a
796 1113 847 1150 malis

110 1173 173 1211 studiis
183 1186 247 1210 eorum
256 1185 342 1210 coercere.
356 1171 391 1209 Sed
404 1172 450 1209 nihil
464 1185 534 1218 eorum,
545 1184 589 1221 quae
598 1183 630 1210 tuo
640 1171 768 1210 incumbebant
781 1165 848 1219 officio,
869 1179 906 1205 utari.
916 1180 936 1205 18*
976 1176 978 1180 ’

110 1233 182 1279 curasti,
197 1223 288 1276 avaritiae,
297 1231 385 1284 luxuriae,
397 1231 524 1281 ingluviaeque
538 1231 614 1277 deditus,
625 1232 724 1269 monachos
738 1245 775 1270 non
788 1231 847 1269 solum

110 1291 132 1329 ad
141 1290 234 1329 saeculnm
243 1290 300 1328 redire
309 1283 413 1340 permisisti,
422 1291 454 1328 sed
463 1292 517 1328 etiam
527 1304 578 1328 curae
587 1291 680 1341 pastoralis
694 1292 765 1340 penitus
775 1291 848 1338 oblitus,

110 1350 152 1397 dux,
165 1361 183 1388 et
197 1362 270 1388 consors
288 1351 386 1398 apostasiae
403 1362 467 1387 eorum
483 1350 541 1387 factus
554 1343 585 1388 es(
598 1351 635 1387 lam
648 1352 708 1400 itaque
722 1350 785 1397 redde,
800 1351 848 1399 quod

110 1409 170 1452 debes,
184 1410 262 1452 restitue,
276 1408 324 1458 qnod
336 1408 378 1446 fidei
392 1418 433 1446 tuae
442 1410 473 1458 (ne
482 1408 549 1457 dicam)
558 1409 642 1458 perfidiae
656 1410 748 1447 commisi:
762 1410 795 1447 sed
808 1410 848 1459 quia

110 1468 185 1506 reddere
199 1480 237 1505 raon
249 1468 325 1516 poteris,
339 1469 357 1504 in
372 1480 461 1505 carcerem
475 1468 600 1515 tenebrosum,
614 1478 631 1506 et
644 1479 728 1517 opertum
742 1470 807 1506 mortis
821 1482 848 1505 ca-

110 1528 164 1576 ligine
177 1527 286 1576 proiicieris:
300 1526 340 1564 inde
352 1539 389 1564 non
403 1527 489 1572 exiturus,
500 1527 558 1565 donec
571 1526 633 1565 reddas
646 1526 732 1576 debitum,
742 1528 790 1578 quod
803 1540 848 1565 nun·
868 1529 955 1589 P‘p0¹³1⁵¹¹⁰¹¹

110 1599 164 1636 quam
180 1586 281 1623 redditurus
294 1599 322 1622 es:
340 1584 366 1622 lbi
378 1599 415 1623 non
433 1586 493 1624 solum
510 1599 542 1635 pro
556 1587 591 1623 tuis
604 1586 653 1623 factis
667 1600 744 1636 poenam
759 1587 846 1635 recipies,
868 1571 955 1638 lltl¹¹¹sadre⁰r

108 1647 208 1683 sedetiam
222 1659 255 1694 pro
266 1637 350 1691 ormlium
365 1646 454 1693 peccatis,
469 1659 515 1695 quos
529 1655 560 1684 tuo
574 1646 657 1695 regimini
670 1645 779 1684 commissos
793 1646 847 1683 corri-
867 1633 955 1701 ljssfl'pbffi

110 1719 152 1755 gere
166 1705 269 1754 neglexisti:
287 1705 316 1742 Sic
333 1706 381 1742 enim
399 1715 471 1742 sanctus
484 1705 590 1742 Benedictus
603 1705 645 1742 dicit
657 1706 675 1741 in
688 1705 756 1755 regula.
770 1705 847 1754 Noverit
867 1702 955 1742 ‘butum

867 1744 954 1771 corrigere

105 1764 169 1802 >Albas
187 1765 249 1813 'culpae
263 1767 338 1813 pastoris
352 1764 466 1812 incumbere,
479 1766 539 1814 siquid
552 1766 610 1802 rninus
625 1766 706 1803 utilitatis
719 1764 847 1813 paterfamilias
867 1771 953 1806 neglexerunt

111 1824 128 1861 in
142 1822 206 1861 ovibus
220 1824 256 1860 suis
270 1823 348 1872 potuerit
361 1823 447 1861 inuenire.
462 1824 525 1872 Igitur,
536 1822 610 1869 oAbba,
624 1825 726 1873 quicunque
735 1837 760 1867 es,
770 1823 785 1860 si
794 1824 847 1871 sapis,
867 1806 955 1875 {ss{¹¹l{„,l2¹{1{

110 1883 125 1919 si
138 1882 235 1930 intelligis,
249 1882 264 1919 si
278 1882 354 1931 deniqne
367 1882 450 1919 futurum
464 1882 551 1919 iudicium
567 1882 633 1929 credis,
647 1883 662 1919 si
677 1892 769 1920 tormenta
782 1881 848 1919 inferni
868 1875 955 1909 ⁵¹¹¹⁰ss·C³P¹²

110 1942 186 1979 evadere
199 1942 255 1990 cupis,
264 1941 301 1979 noli
314 1942 427 1991 acquiescere
440 1941 573 1978 monachorum
586 1942 644 1990 pravis
659 1942 758 1986 desideriis,
773 1941 848 1978 dimem-

110 2000 223 2039 brationibus
235 2000 273 2039 noli
282 2001 381 2038 consentire
395 2000 493 2039 sceleratis.
507 2001 556 2045 Quid
569 2000 642 2049 prodest
650 2000 682 2038 tibi
696 2002 715 2038 in
723 2001 756 2038 bac
765 2001 803 2037 uita
811 1999 848 2037 bre-

110 2061 184 2098 vissima
196 2060 286 2109 voluptas,
296 2073 327 2114 pro
341 2073 375 2109 qua
388 2073 455 2109 poenas
469 2051 549 2098 aeternas
563 2062 631 2110 cogeris
645 2061 736 2110 recipere?
749 2060 799 2107 Noli,
808 2073 847 2106 oro,

111 2131 128 2157 te
141 2130 203 2157 sancto
212 2119 307 2158 Benedicto
316 2129 385 2157 tantam
394 2120 474 2168 irrogare
486 2120 579 2157 iniuriam:
593 2121 630 2157 noli
642 2119 727 2158 coenobia
738 2119 847 2169 illivauferre,

110 2193 156 2229 quae
169 2186 203 2218 nec
216 2190 245 2225 tu,
259 2193 291 2217 nec
305 2193 367 2218 omnes
385 2189 468 2229 parentes
481 2181 508 2216 tui
522 2181 629 2218 extraxistis.
647 2179 728 2218 Sufficiat
746 2179 786 2226 tibi,
800 2178 847 2228 quod

110 2237 171 2275 Abbas
185 2251 210 2283 es,
225 2239 266 2288 quia
279 2239 300 2276 de
313 2239 422 2287 patrimonio
438 2239 476 2275 eius
489 2239 545 2285 vivis,
558 2239 596 2276 noli
610 2239 690 2276 ordinem
705 2238 796 2281 deserere,
810 2236 848 2274 noli

109 2298 257 2349 suggestionibus
271 2297 362 2337 diabolicis
376 2299 482 2342 consentire,
496 2298 534 2336 noli
547 2299 645 2336 rnoraachos
659 2308 700 2335 tuos
713 2297 812 2335 saeculares
826 2299 848 2332 la-

110 2372 158 2404 cere,
168 2359 206 2396 noli
219 2360 348 2396 monasterium
357 2357 389 2395 tibi
401 2359 520 2395 commissum
529 2359 547 2395 in
560 2371 623 2395 manns
637 2358 737 2395 alienorum
751 2358 847 2403 resignare.

111 2418 207 2466 Cognosce
220 2428 237 2455 te
250 2418 343 2455 hominem
357 2418 412 2455 morti
425 2416 524 2454 obnoxium
533 2416 591 2455 brevis
604 2420 650 2455 vitae
664 2431 717 2466 snper·
728 2426 802 2463 terram,
812 2415 849 2453 noli

110 2488 148 2515 tam
160 2478 281 2526 perniciosam
297 2491 335 2516 rem
353 2477 421 2524 facere3
438 2476 476 2514 noli
494 2477 529 2513 boc
544 2476 601 2514 scelus
619 2477 743 2515 committere:
761 2475 799 2512 noli
812 2485 848 2512 tarn

110 2537 231 2575 inestimabile
244 2537 356 2588 sacrilegium
368 2546 475 2585 perpetrare.
488 2536 575 2574 Permane
589 2538 607 2573 in
620 2536 682 2573 ordine
695 2544 764 2582 sancto;
778 2545 796 2572 et
808 2547 849 2583 pro-

111 2597 192 2644 positum
205 2608 257 2634 tuum
270 2596 308 2634 noli
321 2596 408 2641 deserere,
417 2596 432 2632 si
442 2595 464 2632 ad
472 2596 527 2632 vitam
541 2606 630 2633 aeternam
644 2594 734 2632 desideras
747 2595 849 2643 pervenire3
870 2610 900 2636 tac.
911 2608 923 2636 a,

111 2657 142 2696 nit
156 2670 226 2706 nanque
240 2658 337 2694 Dominus:
352 2656 388 2700 Qui
402 2656 458 2693 mittit
471 2668 545 2693 inanum
559 2669 609 2694 snatn
620 2656 642 2692 ad
651 2666 735 2699 aratrum,
746 2664 764 2692 et
778 2654 850 2702 respicit
871 2659 904 2686 nen.
914 2666 935 2693 19·
