1968 3023
180 167 190 195 2
193 171 216 207 50
370 157 396 196 De
410 164 454 197 stata
466 165 481 196 et
493 158 544 196 traina
557 157 644 197 monastici
656 157 723 196 ordinis.

99 248 157 282 Dispen-
179 238 244 276 Sancto
257 238 364 285 benedicto,
379 238 427 288 quod
441 239 533 283 voverint,
547 237 631 276 reddant:
649 239 736 277 Habitum
752 238 865 277 canonicatus
879 237 913 275 illis

69 291 107 344 {³11³}ss
119 291 158 343 ᾖξὲ]
179 298 271 344 concedit,
285 298 316 335 sed
329 299 449 336 monasticum
462 299 535 336 schema
549 298 624 336 minime
637 298 693 345 rollit3
710 298 755 335 Ecce
771 311 823 348 quarn
841 311 913 336 securus

68 352 158 421 ssfflfflml‘gssff
179 370 204 403 es,
218 358 248 405 qui
261 357 327 395 limites
341 358 405 395 indulti
418 358 552 407 transgrederis,
563 360 593 407 qui
606 371 639 407 pro
652 359 699 395 veris
713 357 756 395 falsa
769 358 827 407 fingis,
841 359 871 408 qui
884 359 914 396 Vi·

69 422 158 463 qpaesupgip-
179 416 226 453 cario
237 416 303 454 Christi
314 417 401 455 mentiris:
416 418 445 467 qui
459 416 515 454 bullus
524 430 561 455 non
574 418 633 455 miuus
647 427 748 467 extorques,
757 431 810 466 quam
824 419 913 466 impetras.

69 464 158 518 ''svbifflllfl
179 475 199 512 Ι1]
216 475 254 524 his,
272 489 315 525 quae
335 486 375 514 sunt
392 477 414 514 de
434 477 471 514 iure
486 477 573 526 positivo,
587 478 696 526 dispensatio
712 476 781 514 licitum
800 476 850 524 facit,
866 476 914 526 quod

68 527 158 587 ἓξῑξζξεᾛ
178 535 257 584 alioquin
270 548 307 574 non
320 535 376 582 licuit,
389 537 403 573 si
417 549 468 574 causa
481 535 591 574 rationabilis
605 546 699 586 exposcat:
713 537 782 574 Votum
795 546 854 574 autem
867 537 913 583 Deo,

68 595 104 657 ,viss'ss'
114 595 157 656 dlii?
178 592 255 641 factum,
270 595 288 632 iu
301 596 340 645 lege
354 595 412 633 divina
425 595 498 633 reddere
512 596 606 643 iuberis‚a
619 610 655 646 quo
668 596 715 644 Papa
728 597 766 633 sine
778 597 882 634 necessitate
896 605 913 632 te

68 673 90 691 ms
100 665 157 691 necessi·
178 667 270 703 nunquam
283 654 359 692 intendit
372 654 472 693 absolvere:
486 654 521 692 Sed
534 668 573 699 oro,
585 655 614 692 dic
627 656 682 703 mil1i;
696 669 740 705 quae
754 665 781 692 est
794 669 845 693 causa
858 665 913 693 trans-

68 700 157 761 gpgepgpaip,
178 713 250 752 lationis
260 723 306 753 tuae.
320 714 441 764 Respondebis
455 714 536 763 forsitan,
545 715 594 765 quod
607 729 670 754 omnes
684 716 763 753 translati
772 716 797 752 sic
806 715 913 765 respondere

67 770 124 830 §5122ss
135 770 157 796 ab·
178 773 244 811 solent:
258 774 327 811 Causae
341 773 406 812 multae
420 785 466 821 sunt,
480 787 525 824 quae
538 775 560 811 ad
573 774 619 812 hanc
632 787 670 811 rem
685 788 713 811 me
726 774 826 812 necessario
840 773 914 823 impule-

178 842 225 870 runt.
239 834 291 878 Quae
305 846 347 882 ergo
360 843 407 880 sunt,
416 834 512 883 Paupertas
526 833 613 879 coenobii,
628 835 708 871 incursus
719 834 831 878 vastantium,
845 834 913 871 exactio

178 892 291 941 Principum,
308 892 374 930 malurn
391 893 471 941 regimen
485 892 581 932 Abbaturn.
602 895 641 931 Hae
658 903 700 931 sunt
717 906 779 931 causae
794 893 913 931 translationis

178 962 255 989 nostrae.

200 1082 259 1112 Coalr'a
269 1082 340 1112 rationes
346 1083 404 1118 falsas,
416 1083 431 1112 ei
440 1082 566 1119 dispensationes
575 1079 682 1121 subreptitias,
693 1082 748 1120 qrriirrs
759 1083 838 1119 apostatae
848 1092 893 1112 sarain

357 1141 465 1178 praeieridarai
474 1142 519 1171 ineri
528 1141 630 1178 apostasiam.
652 1141 690 1179 Cap.
705 1141 732 1172 Vl.

90 1245 157 1290 sunere.¹
216 1261 268 1287 serto
281 1251 370 1298 rurupitur
384 1249 434 1287 rethe
447 1262 557 1294 aranearum,
571 1251 657 1299 sauguine
671 1250 739 1297 fictum,
748 1250 762 1286 si
771 1249 813 1299 quid
822 1250 913 1299 gravitatis

67 1304 156 1360 {diripiet}
181 1266 212 1355 F
228 1308 282 1347 fuerit
295 1311 410 1359 impositum:
424 1310 462 1347 Vos
475 1319 536 1346 autem
550 1319 640 1358 apostatae
650 1311 739 1358 provenis
749 1309 795 1359 falsa
808 1311 882 1346 narratis
896 1318 913 1346 et

66 1377 157 1430 ffifssffi'
177 1367 210 1404 sub
223 1368 309 1418 figmento
323 1370 431 1419 paupertatis
444 1370 530 1407 vicarium
540 1369 613 1416 Christi,
622 1370 680 1407 innuo
692 1370 812 1418 vosmetipsos
826 1369 912 1417 decipitis.

67 1438 96 1465 sus.
178 1428 253 1465 Urinam
267 1440 360 1478 paupertas
373 1442 415 1467 vera
430 1429 477 1475 effer,
492 1442 546 1479 quam
561 1428 650 1478 allegatis:
668 1430 736 1466 urinam
752 1429 773 1466 de
788 1439 856 1466 terrena
871 1428 912 1465 sub-

67 1472 118 1534 „ffssff
127 1481 156 1533 ξ’,ζᾏ
177 1487 247 1531 stantia,
257 1497 276 1523 ut
285 1487 394 1525 mendaciter
407 1487 479 1536 fingitis,
493 1488 551 1525 minus
565 1487 661 1525 haberetis.
674 1487 724 1533 Quid
737 1496 859 1536 paupertatem
872 1487 912 1524 alle-

66 1542 155 1611 sle'glssfisffeffe
175 1546 230 1594 gatis,
245 1546 275 1595 qui
289 1546 360 1583 divitias
377 1547 463 1583 maximas
479 1546 587 1596 possidetis?
601 1547 647 1591 Quis
665 1547 731 1584 nesciat
749 1555 815 1584 statum
833 1545 913 1584 coenobii

66 1612 144 1646 despiciunt,
176 1605 194 1643 S.
207 1604 272 1643 Albani
285 1607 303 1643 in
316 1606 444 1656 temporalibus
458 1616 498 1643 ante
511 1606 646 1644 translationem
660 1606 715 1643 fuisse
729 1605 912 1644 abundantissirirum?

176 1664 226 1710 Quid
240 1665 298 1703 dicam
316 1665 337 1703 de
350 1666 458 1716 Elvangensi
475 1666 541 1715 insigni
554 1665 645 1715 quondam
663 1665 763 1711 coenobio,
777 1666 827 1702 cuius
842 1665 913 1702 divitiae
935 1700 936 1703 ,

175 1724 254 1773 Principi
271 1726 373 1774 potuissent
390 1724 483 1763 sufficere?
496 1726 583 1775 Nunquid
601 1726 732 1763 Monasterium
745 1725 804 1763 Sancti
817 1724 913 1762 burchardi

176 1794 250 1834 propter
261 1795 384 1834 paupertatem
397 1783 489 1822 transferri
498 1786 564 1833 potuit,
574 1786 622 1835 quod
631 1785 693 1823 nrultis
702 1784 769 1823 divitiis
778 1797 849 1834 semper
858 1784 913 1821 abun-

177 1843 236 1880 davit?
250 1843 335 1893 Nunquid
346 1854 419 1893 propter
427 1853 550 1893 paupertatem
560 1843 668 1881 coenobium
678 1844 810 1893 Cambergense
820 1843 840 1881 ab
850 1844 912 1881 ordine

176 1902 291 1940 dimembrati
305 1901 375 1950 debuit,
388 1903 437 1952 quod
454 1893 475 1939 in
488 1903 596 1940 hodiernum
614 1903 662 1941 diem
677 1904 737 1941 omnia
755 1905 852 1941 monastica
865 1903 912 1940 illius

175 1962 278 2010 provinciae
296 1962 362 1999 divitiis
380 1961 462 1999 excedit?
475 1961 525 2006 Quid
543 1962 601 1999 dicam
619 1962 640 1999 de
656 1962 717 2000 Selszi.
732 1962 781 2006 Quid
794 1962 816 1999 de
828 1961 912 2010 Clingen-

176 2022 273 2059 monstersi
287 2021 387 2066 coenobiis,
401 2031 487 2070 quantum
501 2020 528 2068 acl
539 2020 684 2059 mediocritatem
701 2022 788 2070 pertIner,
801 2020 912 2058 abundantis-

175 2080 239 2118 simis?
252 2079 338 2130 Nunquid
351 2080 369 2116 iu
382 2093 444 2118 eorum
458 2080 574 2118 translatione
592 2090 687 2130 paupertas
700 2080 787 2117 veraciter
799 2081 858 2128 potuit
871 2079 912 2117 alle-

175 2140 225 2187 gari?
239 2140 257 2178 O
270 2140 420 2189 praevaricatores
434 2139 502 2178 ordinis
515 2140 579 2185 vestri,
594 2150 611 2177 et
624 2140 662 2177 voti
679 2150 827 2189 transgressores,
841 2139 912 2177 creditis

132 2219 135 2223 ·
176 2198 268 2236 mendacia
280 2198 334 2236 verba
347 2211 399 2247 posse
413 2198 479 2236 latere?
492 2199 535 2237 Nou
548 2208 591 2236 sunt
604 2198 656 2236 nobis
669 2198 747 2236 fallaciae
760 2208 828 2236 vestrae
841 2198 912 2236 abscon-

175 2258 232 2305 ditae3
242 2271 274 2295 nec
283 2258 360 2305 divitias
369 2271 412 2307 qtrns
421 2254 496 2309 negatis,
506 2259 620 2307 ignoramus:
630 2259 646 2295 si
655 2269 741 2306 pauperes
751 2258 819 2304 essetis,
828 2258 911 2307 quemad·
965 2261 966 2264 ’

175 2318 251 2355 ruodunr
264 2317 337 2367 fingitis,
350 2330 387 2355 uon
400 2317 429 2354 alii
443 2318 485 2364 duo,
500 2318 584 2364 alfijflst,
594 2317 625 2366 alii
638 2316 783 2367 qustvoffltdllit
795 2316 911 2363 florenorum,

128 2423 130 2428 Α
175 2385 193 2413 et
206 2376 288 2415 nonnulli
301 2376 378 2426 amplius
387 2389 420 2425 pro
429 2376 546 2414 translatione
555 2387 614 2414 vestra
623 2376 699 2425 possetis
709 2388 805 2425 exponere:
820 2371 855 2414 Cur
869 2388 911 2425 ergo

175 2440 290 2484 pauperater'n
298 2434 383 2484 allegatis,
391 2435 421 2484 qui
430 2448 517 2485 pauperes
527 2448 563 2472 non
573 2434 626 2472 estis?
636 2434 673 2471 Cur
682 2433 740 2471 dicitis
749 2446 781 2471 vos
790 2434 833 2471 nihil
842 2432 911 2480 habere,

175 2495 222 2533 unde
234 2495 307 2544 possitis
323 2494 406 2532 monachi
419 2495 487 2542 vivere,
497 2495 528 2544 qui
537 2502 595 2531 tantas
605 2493 721 2544 pecuniarum
735 2506 819 2541 summas,
830 2503 848 2530 ut
859 2506 911 2531 carro-

174 2555 210 2591 nici
223 2554 273 2599 sitis,
286 2555 360 2604 potestis
379 2555 479 2604 exponere?
492 2555 575 2603 Denique
592 2554 608 2590 si
625 2561 719 2603 paupertas
737 2552 865 2591 coenobiorum
879 2565 911 2589 vos

175 2614 272 2662 opprimit,
291 2626 345 2664 quare
363 2612 511 2651 reformationem
528 2627 565 2650 non
582 2612 685 2650 assumitis?
703 2611 740 2648 Cur
757 2613 832 2660 privatas
850 2620 911 2649 contra

174 2672 255 2722 regulam
269 2674 391 2721 possessiones
405 2671 426 2709 ad
439 2686 557 2711 communem
570 2685 623 2709 usuru
641 2685 678 2709 non
695 2671 788 2721 redigitis?
801 2672 849 2709 Dum
863 2672 911 2709 enim
