1968 3023
293 166 344 204 Liber
356 166 442 205 Panticlnts
455 167 522 205 leatania
541 167 621 205 Tritetar'i.
759 170 763 178 ¹
790 178 800 204 2
803 178 823 216 53

89 259 148 286 tarum
162 260 222 285 causas
235 246 288 285 falsas
301 257 372 285 narrant
385 261 418 297 pro
431 248 483 293 veris,
497 248 628 299 necessitatem
637 247 716 297 fingam
730 247 825 286 utilitatem
856 256 935 300 apostasiae

88 308 207 353 mentiuntur,
221 307 334 345 honestatem
351 306 478 357 praetendunt,
493 320 547 358 quam
564 307 641 357 fugiunt.
655 307 724 353 Radix;
738 317 756 344 et
774 320 826 345 causa
845 298 935 353 ζᾎῗῇζξόιξῖ

48 374 50 377 ’
89 368 145 406 totins
158 367 201 405 mali
214 367 267 404 huius
285 368 303 405 in
320 367 357 405 sola
375 368 478 416 voluptate,
492 377 509 405 et
523 366 565 404 odio
583 367 686 416 disciplinae
702 366 775 405 fundata
789 378 824 414 est;
846 368 935 423 gffifufffisjf

89 427 167 472 Quando
181 435 241 464 autem
255 440 307 465 causa
320 427 426 465 narrationis
439 427 482 465 falsa
496 435 531 474 est3
546 426 656 476 dispensatio
670 439 706 465 non
717 426 786 475 liberat,
795 427 826 465 sed
846 432 895 466 pune.

89 487 160 525 damnat
174 487 307 536 impetrantem.
321 487 406 524 Summus
419 486 512 533 Pontifex,
525 486 591 524 auditis
608 485 739 524 narrationibus
755 487 825 537 suppli·

88 547 174 593 cantium,
188 555 239 584 caute
252 546 360 596 respondere
373 547 475 585 consuevit:
489 548 503 584 si
517 546 541 583 ita
555 556 587 593 est,
600 546 690 595 inquiens,
704 555 723 583 ut
738 556 825 593 narratur,

87 607 125 652 fiat,
139 607 188 656 quod
202 607 274 656 petitur,
284 621 305 645 eo
319 606 381 654 modo,
396 617 413 644 et
426 606 491 654 forma,
502 619 537 656 qua
550 607 635 656 seqnitur.
650 606 753 655 Respondet
767 617 825 653 caute,

88 666 169 716 indulget
182 675 257 712 secrete,
272 676 290 703 et
303 665 335 704 sub
349 667 401 703 certis
413 665 500 703 limitibus
514 666 615 715 dispensat:
629 665 664 703 Sed
677 665 762 704 Monaclxi
775 667 826 704 effre-

87 727 131 772 nati,
146 740 189 764 mox
203 734 223 762 ut
237 725 292 763 bullas
305 726 411 774 acceperint,
422 725 453 762 sub
462 726 564 763 constitutis
578 726 596 763 in
610 739 679 764 canon
693 735 766 763 rnmtent
779 726 825 763 lirni-

87 784 139 831 tibus,
147 784 178 822 sed
188 783 262 821 modum
272 784 410 833 dispensationis
420 784 579 833 transgrediuntur,
587 797 624 822 non
632 784 675 834 quid
684 786 825 834 impetraverint,

88 844 119 882 sed
133 843 175 893 quid
188 844 283 891 impetrare
291 842 381 880 voluerint
391 843 507 881 attendentes.
518 844 535 881 O
545 844 613 891 Miseri,
623 843 641 881 O
650 844 743 889 insensati,
752 845 770 882 O
779 844 810 881 inf
819 865 826 871 -

87 904 135 948 lices,
145 915 200 952 quare
209 915 242 939 vos
252 903 337 951 metipsos
351 902 444 950 decipitis?
458 903 494 940 Cur
507 903 576 939 animas
590 912 658 940 vestras
672 903 772 940 voluntarie
786 916 825 952 per-

87 964 141 1001 ditis?
154 963 197 1001 Non
210 960 286 999 absolvit
299 975 332 999 uos
346 961 464 1010 dispensantis
477 962 555 999 intentio
565 961 586 999 ab
596 974 625 1007 eo,
636 962 684 1011 quod
698 971 760 1000 sancto
769 963 834 1000 Bene?

88 1024 135 1061 dicto
148 1022 263 1071 promisistis.
272 1022 310 1059 Vos
320 1030 380 1058 antem
394 1020 434 1070 plus
444 1021 534 1070 usurpatis
543 1020 602 1068 vobis,
613 1034 666 1070 quam
674 1022 722 1071 Papa
732 1024 826 1068 concessit,

87 1084 143 1120 immo
157 1092 216 1119 totum
232 1081 322 1118 assumitis
336 1081 374 1118 sine
387 1080 465 1126 licentia,
480 1079 528 1129 quod
541 1079 621 1118 obtinere
635 1080 696 1118 illicite
710 1083 825 1131 concupistis

87 1142 156 1180 Verum
169 1150 201 1187 est,
211 1139 259 1188 quod
273 1139 294 1177 de
308 1138 413 1188 quibusdam
427 1138 501 1176 euobis
515 1138 559 1175 dixit
573 1138 645 1188 quitiam
659 1139 716 1177 adhuc
729 1151 825 1189 superstes,

87 1214 128 1239 cum
146 1213 167 1237 ex
185 1199 314 1237 commissione
331 1194 435 1247 Apostolica
452 1198 486 1235 illis
504 1197 585 1235 habiturn
603 1200 723 1236 monasticum
742 1201 824 1237 exuisset.

86 1261 130 1308 Etsi,
139 1260 204 1309 inquit,
214 1258 328 1307 deposuerim
338 1259 362 1295 eis
372 1258 460 1304 habitum,
470 1269 529 1295 tamen
541 1259 591 1296 iuxta
599 1268 681 1296 tenorem
695 1258 759 1306 bullae,
768 1260 826 1297 adhuc

88 1332 148 1357 coram
166 1319 205 1356 Deo
224 1318 307 1355 monachi
324 1326 371 1355 sunt.
385 1316 465 1355 Infelices
483 1327 585 1367 apostatae,
600 1318 640 1367 quis
657 1316 737 1355 liberabit
754 1332 786 1356 vos
804 1318 825 1357 de

87 1392 140 1416 manu
158 1379 192 1415 Dei
206 1377 353 1421 viventisiQuis
368 1377 388 1414 ab
401 1378 511 1415 incusatione
530 1377 590 1414 Sancti
606 1376 696 1414 Benedicti
712 1390 745 1414 vos
760 1380 825 1427 poterit

87 1438 195 1477 defendere?
209 1436 258 1481 Quid
271 1435 350 1486 proderit
363 1436 422 1483 vobis,
436 1437 484 1486 quod
497 1437 527 1474 liic
540 1437 579 1474 sine
592 1437 705 1484 impetitione
723 1435 765 1474 facti
782 1439 824 1475 estis

88 1512 109 1536 ex
127 1497 221 1535 monachis
235 1496 325 1542 canonIci,
339 1496 353 1532 si
370 1497 388 1533 in
406 1505 485 1533 extremo
502 1495 569 1533 iudicio
582 1496 617 1533 Dei
634 1508 667 1533 vos
685 1509 726 1533 cum
744 1497 824 1545 reprobis

86 1553 168 1605 deputari
181 1556 286 1604 contingat?
299 1554 395 1592 Enimvero
411 1555 445 1591 nisi
461 1554 596 1592 translationem
613 1564 691 1592 vestram
709 1556 824 1604 omnipotens

86 1616 151 1654 arbiter
166 1615 263 1667 approbet,
276 1615 310 1652 nisi
323 1614 397 1652 Sanctus
410 1614 516 1652 Benedictus
533 1615 616 1665 princeps
633 1616 763 1653 monachorum
782 1629 823 1654 con-

86 1677 156 1723 sentiat,
169 1674 218 1713 nulla
226 1687 258 1712 vos
268 1674 376 1723 dispensatio
390 1683 471 1711 excusat:
485 1673 589 1711 Translatio
602 1682 660 1710 vestra
674 1673 754 1712 debitum
768 1675 823 1712 finem

86 1749 121 1774 non
135 1735 215 1784 respicit3
229 1743 246 1771 et
259 1733 326 1771 idcirco
339 1731 463 1770 inexcusabilis
477 1734 515 1771 erit.
530 1733 654 1770 Conscientias
668 1743 736 1770 vestras
749 1734 823 1772 interro-

85 1806 130 1847 gate,
140 1804 158 1832 et
168 1808 202 1844 qua
211 1794 311 1830 intentione
324 1791 344 1828 ab
358 1793 420 1830 ordine
433 1793 539 1838 recessistis,
551 1793 666 1842 perpendite:
680 1793 698 1830 Si
711 1806 772 1830 aanore
781 1795 821 1841 Dei,

85 1857 100 1893 si
113 1854 202 1892 desiderio
216 1852 282 1901 patriae
296 1850 384 1898 coelestis,
398 1851 413 1888 si
426 1861 499 1900 propter
511 1851 588 1889 salutem
601 1852 707 1897 animarum,
717 1853 731 1889 si
745 1852 768 1890 ob
781 1867 822 1902 pro-

85 1914 152 1952 iectum
165 1913 259 1958 virtutum,
269 1920 286 1947 et
295 1919 361 1947 statum
371 1911 417 1947 vitae
426 1911 525 1955 sanctioris,
535 1910 617 1948 habitum
629 1912 709 1959 exuistis,
719 1907 824 1961 approbabit

85 1975 133 2011 Deus
147 1971 220 2018 factum,
235 1970 284 2019 quod
296 1970 373 2007 fecistis:
387 1969 421 2007 Sed
434 1969 517 2007 omnibus
530 1969 558 2007 his
572 1971 650 2022 intentio
662 1980 720 2008 vestra
733 1971 767 2008 fuit
780 1985 822 2009 con·

85 2033 147 2076 traria,
161 2031 228 2068 idcirco
245 2029 338 2067 translatio
355 2028 376 2066 ab
393 2027 456 2067 ordine
473 2030 538 2067 merito
555 2040 638 2067 censetur
655 2043 665 2067 a
680 2030 773 2068 voluntate
787 2032 821 2068 Dei

85 2093 152 2130 aliena:
166 2091 218 2133 Nam,
228 2098 248 2126 ut
257 2090 295 2126 sine
307 2088 346 2137 lege
359 2088 448 2132 viveretis,
458 2087 546 2125 abiecistis
559 2088 650 2126 habitum:
663 2089 702 2126 sine
716 2087 821 2137 obedientia,

85 2153 122 2189 sine
136 2150 242 2196 humilitate,
251 2149 289 2186 sine
301 2157 406 2197 paupertate
418 2148 554 2197 vivere,pri1na
566 2147 601 2185 fuit
613 2148 689 2185 intentio
703 2158 766 2186 vestra
779 2150 820 2187 Non

85 2221 111 2248 est
124 2212 179 2248 timor
188 2209 222 2246 Dei
234 2218 274 2245 ante
287 2207 349 2246 oculos
362 2216 440 2245 vestros:
455 2207 476 2244 de
488 2207 588 2244 animarum
602 2207 659 2244 salute
672 2207 717 2245 nihil
730 2209 820 2257 cogitatis3

85 2271 106 2309 de
120 2271 157 2307 vita
170 2279 241 2307 aeterna
253 2268 297 2305 nihil
310 2268 379 2316 sapitis:
393 2269 411 2304 in
424 2267 462 2304 sola
474 2268 566 2316 voluptate
581 2267 638 2304 carnis
653 2267 743 2305 ambulare
757 2281 821 2305 concu-

85 2330 163 2381 piscitis:
177 2330 247 2368 Omnes
262 2340 336 2373 causae,
350 2337 367 2364 et
384 2327 471 2371 rationes,
485 2340 528 2377 quas
545 2328 564 2364 in
581 2326 711 2376 supplicatione
728 2329 819 2374 narrastis,

85 2389 178 2436 confictae,
188 2398 206 2425 et
214 2387 268 2424 falsae
278 2394 325 2424 sunt.
335 2385 433 2430 Quomodo
447 2386 556 2434 dispensatio
570 2386 651 2435 legiuma
664 2387 707 2424 erit?
721 2386 819 2430 Quomodo

85 2448 176 2487 excusabit
193 2460 226 2484 uos
245 2446 311 2483 summi
325 2445 417 2482 Pontificis
435 2445 545 2491 authoritas,
560 2457 613 2494 qnam
631 2445 735 2492 mendacio,
749 2445 820 2493 fraude,

85 2508 134 2553 dolo,
145 2518 162 2544 et
171 2506 280 2556 importunis
293 2503 374 2553 precibus
385 2505 514 2541 circumvenire
523 2516 560 2541 non
568 2504 666 2541 timuistis?
680 2503 729 2549 Quid
739 2503 760 2540 de
769 2503 819 2542 uobis

84 2567 196 2606 sentiendum
210 2566 242 2609 sit,
256 2577 316 2602 mores
333 2564 387 2601 vestri
404 2565 478 2612 inspecti
492 2563 611 2601 declarabunt.
625 2564 656 2600 Ait
670 2564 717 2601 enim
735 2563 756 2601 de
773 2564 819 2613 lupis

84 2625 175 2677 rapacibus
188 2627 207 2662 in
220 2623 317 2672 Evangelio
327 2623 415 2659 Dominus
420 2637 425 2669 ;
439 2623 464 2659 Ex
478 2621 564 2659 fructibus
579 2635 641 2660 eorum
655 2624 768 2672 cognoscetis
782 2637 818 2662 eos,
848 2655 887 2680 arens
896 2663 928 2688 apo·

83 2689 180 2736 Nunquam
193 2684 279 2723 veraciter
292 2682 338 2732 apud
351 2695 383 2719 ros
396 2695 446 2719 mens
455 2682 473 2719 in
482 2682 522 2720 Deo
533 2682 579 2720 laeta
593 2683 713 2731 conspicitur,
728 2695 819 2734 nunquam
840 2695 881 2715 sane
895 2698 928 2715 tton-

849 2605 896 2631 Manh.
905 2612 917 2638 7.
