1968 3023
388 135 465 176 Horvrilr'a
477 135 515 175 VII.
796 148 817 186 43

84 231 160 270 poenam
173 232 206 270 pro
223 218 303 257 mandati
321 217 413 267 originalis
430 216 571 270 transgressione
588 214 657 260 inflixit,
671 215 781 254 denuncians
795 216 818 262 ei,

84 281 168 330 quoniam
180 280 199 317 in
212 279 278 316 sudore
287 278 347 316 vultus
355 277 383 314 sui
393 275 452 313 cibum
466 274 487 313 de
500 284 546 313 terra
559 274 641 312 manibus
650 284 756 325 operaturus
767 284 819 312 esset.

85 341 131 378 Cum
148 350 208 377 autem
221 340 239 377 in
253 339 312 377 Adam
328 337 462 387 peccaverimus
480 348 547 382 omnes.
561 335 628 372 eisdem
641 335 743 372 necessario
757 335 819 384 poenis
839 346 910 378 Genua.

85 398 193 443 subiicimur,
207 398 270 448 quibus
284 397 336 435 illum
349 407 419 434 constat
436 395 490 432 fuisse
503 387 622 444 suppositum.
635 392 718 431 Manibus
736 393 766 431 ille
783 394 819 430 suis

84 458 175 496 laborabat
190 471 254 503 escam,
268 457 315 495 unde
328 457 402 500 viveret,
416 468 450 506 nec
466 467 529 504 panem
546 455 618 491 ociosus
636 453 760 491 manducabat.
774 454 820 491 Hinc

56 521 58 526 '
85 517 135 555 divus
148 528 196 567 pater
209 527 270 555 noster
283 517 390 554 Benedictus
404 516 464 552 ocium
477 514 565 552 detestans
575 513 707 551 monachorum
721 514 739 551 in
752 513 820 563 regula,

86 589 138 626 quam
151 575 203 613 nobis
216 575 295 621 tradidit,
304 576 373 625 inquit:
382 575 471 612 Ociositas
484 574 555 611 inimica
564 582 591 610 est
600 574 676 620 animae,
686 583 704 610 et
712 571 754 610 ideo
768 573 821 610 certis

86 634 194 685 temporibus
203 635 287 683 occupari
294 633 360 672 debent
368 633 452 671 monachi
460 634 478 670 in
486 632 547 670 labore
555 645 648 679 manuum,
655 633 745 682 certisque
755 632 820 669 iterum

86 694 135 732 horis
148 694 166 731 111
179 693 256 731 lectione
270 693 335 730 divina.
345 693 398 730 Tunc
412 692 460 729 enirn
472 704 513 729 vere
526 703 566 729 sunt
576 692 667 739 monachi,
681 692 696 728 si
710 690 771 729 labore
784 704 820 728 ma-

86 766 142 791 nuum
153 765 225 790 suarum
238 753 307 797 vivunt,
317 753 363 789 sicut
376 762 393 789 et
407 762 464 801 patres
478 752 535 788 nostri
548 750 634 798 lecerunt,
644 760 662 788 et
674 751 758 800 apostoli.
768 750 820 788 Unde
841 767 900 795 ,Tm
908 774 920 801 3,

88 824 104 851 et
117 824 186 850 sanctus
195 811 328 861 Christophilus
337 811 402 849 Paulus
416 812 434 848 in
447 810 522 859 epistola
535 809 588 847 dicit:
603 811 641 854 Qui
650 824 687 849 non
700 810 775 858 laborat,
784 823 820 847 non
846 831 928 859 uemourtn

87 872 188 910 manducet.
202 872 243 909 Erat
256 871 274 907 111
287 870 387 920 primordio
400 870 494 907 monastici
508 879 564 906 status
581 870 615 906 ista
632 869 745 908 consuetudo
758 883 820 907 mona-
841 867 929 929 ζξῃζΰῖζζῦξί

88 932 169 978 chorum,
178 940 198 967 ut
210 930 280 968 nullum
290 930 328 967 sine
338 928 398 967 labore
407 929 520 967 admitterent
533 929 550 965 in
563 930 591 966 sui
604 931 724 976 consortium,
733 942 770 967 non
783 941 819 966 tam
841 944 908 964 manuum.

87 1000 160 1040 propter
172 990 229 1026 victus
242 989 349 1035 necessaria,
358 1001 411 1038 quarn
425 998 497 1037 propter
508 989 576 1025 animae
589 988 672 1035 salutem,
681 1002 703 1026 ne
715 989 821 1038 perniciosis

89 1048 225 1098 cogitationibus
238 1061 270 1098 per
283 1049 344 1085 ocium
354 1048 424 1085 daretur
433 1049 509 1085 occasio.
518 1048 560 1085 Non
569 1057 617 1084 erant
626 1048 720 1085 monachis
732 1048 763 1086 illo
777 1058 822 1085 tcm-

88 1121 132 1159 pore
145 1121 212 1153 census,
226 1121 262 1145 non
276 1108 362 1154 decimae,
375 1120 411 1145 non
424 1107 495 1152 reditus,
509 1120 545 1145 nou
562 1118 660 1157 proventus
676 1107 708 1145 ulli
725 1108 820 1146 annuales:

90 1168 120 1205 sed
134 1168 207 1214 victum,
222 1177 239 1204 et
252 1168 338 1205 vestitum
352 1179 414 1204 omnes
428 1167 446 1203 in
459 1168 531 1203 comuni
548 1175 674 1205 conversantes
692 1168 775 1205 manibus
788 1168 822 1205 sibi

89 1227 212 1276 procurabant,
224 1228 316 1264 neminem
329 1225 383 1263 debiti
396 1227 477 1264 eratione
489 1237 587 1276 gravantes.
602 1228 662 1265 Sancti
676 1241 747 1278 quoque
764 1229 822 1266 Salva-

89 1286 133 1323 toris
146 1287 203 1324 nostri
216 1286 299 1335 apostoli,
313 1298 355 1322 cmn
368 1284 453 1323 haberent
466 1296 572 1334 potestatem
586 1287 608 1324 de
620 1288 754 1336 praedicatione
767 1289 823 1326 Evan-

89 1345 131 1395 gelii
143 1345 219 1389 vivendi,
233 1344 316 1382 manibus
329 1345 366 1382 suis
379 1344 459 1383 laborare
472 1345 577 1393 maduerunt,
590 1359 612 1383 ne
626 1359 680 1396 quern
690 1345 771 1385 fidelium
783 1360 823 1397 gra-

90 1418 141 1443 vasse
153 1402 262 1451 viderentur,
278 1415 295 1442 et
309 1415 328 1441 ut
341 1404 434 1451 haberent,
447 1419 483 1443 non
500 1406 558 1443 solum
576 1405 623 1443 unde
641 1407 675 1456 ipsi
692 1408 780 1455 viverent,
793 1407 824 1445 sed

91 1466 143 1503 etiam
161 1479 196 1515 quo
210 1464 330 1514 indigentibus
347 1465 446 1502 necessaria
463 1466 589 1503 ministrarent.
604 1466 674 1503 Verum
691 1475 754 1515 postea
771 1481 824 1516 quarn
868 1487 929 1520 orvrtne,

91 1538 153 1562 census
166 1525 249 1562 monachi
262 1525 328 1563 habere
342 1536 443 1576 coeperunt,
453 1535 471 1562 et
483 1526 555 1569 reditus,
564 1527 639 1575 pristina
652 1539 695 1563 mox
705 1527 824 1576 simplicitatis
844 1523 931 1591 {32⁰5ngss

91 1585 149 1622 studia
161 1584 268 1629 defecerunt,
283 1586 373 1634 crevitque
387 1584 471 1633 paulatim
484 1597 524 1621 cum
537 1583 603 1622 divitiis
618 1598 679 1622 rerum
697 1586 823 1636 temporalium
844 1592 894 1618 urorum
911 1592 931 1618 n-

91 1643 279 1692 supermanantem
293 1654 312 1681 ut
325 1643 395 1681 labores
408 1657 494 1681 manuum
507 1657 570 1681 omnes
584 1657 625 1681 cum
642 1654 725 1694 tempore
741 1646 825 1683 monachi
844 1628 872 1653 nes.

91 1711 196 1741 recusarent.
207 1704 290 1747 Qunndiu
299 1703 373 1740 fuerunt
382 1716 467 1752 pauperes
476 1704 566 1750 monachi,
574 1713 591 1740 et
600 1717 666 1753 genere
675 1704 760 1751 humiles,
766 1705 825 1742 Deum

91 1763 194 1800 inveritate
208 1763 312 1800 coluerunt:
328 1772 391 1811 postea
402 1775 445 1800 vero
461 1776 515 1812 quum
528 1763 594 1800 divitiis
610 1762 701 1801 abundare
719 1774 824 1813 coeperunt,

92 1822 223 1871 simplicitatem
237 1822 306 1871 fugavit
319 1822 420 1871 duplicitas,
433 1832 450 1859 et
463 1822 516 1859 elatio
529 1822 616 1860 nobilium
628 1823 750 1861 humilitatem
764 1837 825 1862 mona-

93 1882 167 1919 chorum
181 1884 281 1931 extirpavit.
291 1882 385 1931 integritas
394 1895 463 1931 nanque
472 1882 594 1920 observantiae
603 1884 690 1932 regularis
700 1884 825 1923 abundantiam

92 1944 160 1992 peperit
172 1955 232 1979 rerum
245 1942 385 1991 temporalium:
399 1942 431 1978 sed
443 1941 527 1991 paulatim
540 1942 612 1980 divitiae
629 1945 761 1981 monachorum
778 1947 825 1994 puri-

92 2011 147 2038 tatem
160 2001 227 2039 ordinis
240 2001 320 2038 funditus
333 2001 451 2038 extinxerunt.
461 2001 532 2038 Sublata
540 2014 584 2038 vero
592 2004 695 2052 integritate
704 2003 826 2042 observantiae
858 2018 933 2045 111111111-

93 2061 185 2110 regularis,
199 2073 242 2098 mox
256 2062 310 2097 'etiam
323 2061 342 2096 in
355 2060 416 2097 multis
429 2059 519 2097 coenobiis
536 2061 608 2099 divitiae
621 2075 681 2099 rerum
699 2065 825 2113 temporalium
845 2053 933 2079 ‘³⁸M⁰¹¹³⁵‘³'

845 2096 868 2113 cae
883 2088 933 2114 divitias

93 2121 140 2157 iusto
153 2120 186 2157 Dei
199 2119 265 2157 iudicio
279 2120 388 2157 defecerunr.
402 2119 428 2156 Ex
441 2132 503 2157 eorum
516 2133 591 2158 numero
601 2134 685 2171 praesens
697 2125 825 2162 monasterium
846 2124 933 2157 teledam·

94 2180 127 2216 luit
140 2178 278 2228 Spanhemense,
291 2192 350 2229 neque
363 2179 455 2226 ultimum,
469 2179 531 2216 iratres
548 2181 590 2227 mei,
602 2194 660 2230 neque
674 2183 764 2231 primum:
779 2184 827 2232 quod
847 2157 933 2218 pppffipusa

94 2239 155 2276 multis
167 2240 217 2276 arinis
227 2239 245 2276 in
254 2251 332 2289 utroque
341 2249 387 2276 statu
397 2238 519 2276 miserabiliter
528 2241 593 2277 mansit
602 2239 703 2278 desolatum
712 2255 768 2291 usque
777 2242 827 2287 adeo,

95 2299 143 2349 quod
156 2300 233 2349 quinque
246 2300 265 2336 in
278 2311 300 2336 eo
314 2300 399 2336 duntaxat
411 2299 494 2336 monachi
507 2301 563 2337 vitam
580 2311 654 2350 agentes
671 2302 777 2341 dissolutam
791 2318 827 2342 non

95 2358 186 2403 haberent,
196 2358 242 2395 unde
256 2358 289 2395 sibi
303 2359 350 2395 vitae
363 2359 461 2395 necessaria
474 2357 591 2398 desumerent.
601 2360 653 2398 Unde
662 2362 785 2402 misericordia
794 2366 827 2404 Dei

96 2418 166 2456 tandem
180 2418 291 2467 providente¹
304 2418 409 2455 Fredericus
422 2418 463 2454 Dux
476 2417 602 2456 Transilvanus
615 2420 700 2458 invocato
715 2434 787 2471 patrum
801 2438 829 2463 or·

96 2478 141 2516 dinis
155 2478 247 2515 reformati
263 2477 347 2524 consilio,
361 2489 407 2513 anno
421 2476 562 2515 Christianorum
580 2481 692 2529 sexagesimo
710 2494 759 2520 nono
776 2497 830 2534 supra

95 2541 283 2592 quadrigentesinnnn,
297 2550 350 2588 atque
368 2539 489 2583 millesimum,
503 2538 612 2576 deformatos
627 2541 664 2577 vita
681 2543 781 2580 monachos
798 2557 830 2581 er—

97 2602 148 2653 pulit‚
161 2600 241 2640 abbatem
259 2601 333 2638 nomine
347 2599 435 2638 Ottonem
449 2598 470 2636 de
484 2599 559 2638 Colonia
572 2600 662 2651 deposuit,
677 2612 694 2640 et
707 2602 752 2641 alios
765 2603 786 2642 de
800 2604 830 2644 ob-

96 2663 184 2703 servantia
201 2660 363 2699 Burssleldensium
381 2673 402 2698 ex
419 2659 506 2699 coenobio
521 2661 589 2700 Montis
606 2661 687 2713 Speciosi
705 2673 829 2717 nuncupatos,
