1968 3023
298 151 348 188 Liber
359 151 446 188 Partllcbas
460 151 527 189 [canatis
544 150 631 188 Tataula·
793 151 827 196 269

94 241 130 268 tam
144 230 232 269 sollicitus
245 231 294 268 fuisti
307 245 339 280 pro
354 231 440 281 religione
453 241 488 275 tua,
502 244 533 268 cur
548 243 581 268 nos
594 232 612 267 in
625 231 680 268 finem
697 230 776 268 deseris?
790 229 826 266 Cur
853 273 856 279 Ι
870 237 935 280 turpiqu-¹

94 289 115 328 ad
128 290 255 328 haereditatem
272 302 322 328 tuam
337 305 374 329 non
391 292 475 340 respicis?
494 292 555 336 Quare
572 290 630 328 ordini
647 301 679 327 tao
699 291 740 336 iam,
755 291 825 338 iamque
847 273 936 335 &infidis

93 349 159 387 labenti
172 363 208 388 rton
222 352 321 388 succurris?
335 350 421 401 Nunquid
434 363 495 388 curant
508 350 555 387 illius
569 349 658 387 abiecisti?
672 350 709 386 alut
722 347 769 385 filios
783 360 824 385 tuos
846 344 881 371 areat.

93 408 194 447 abominata
208 419 234 447 est
247 410 306 447 anima
319 411 359 447 tara?
376 410 469 457 Succurre,
483 410 562 454 subveni,
577 408 603 447 fer
618 408 710 455 amilium,
724 408 765 458 quia
780 421 824 444 nun-

93 482 146 517 quam
160 468 193 506 fuit
206 469 269 518 religio
286 479 317 506 tua
330 479 366 507 tam
384 469 466 519 gravibus
483 470 592 507 circumdata
605 468 662 506 malis.
676 469 721 505 Ecce
737 481 746 504 a
762 467 828 508 Mundi

92 528 201 565 amatoribus
215 528 258 566 foris
272 529 378 576 destruitur;
392 543 432 567 ecce
445 544 455 567 a
467 530 560 567 monacbis
570 528 656 577 perversis
670 528 716 564 intus
732 527 824 570 laceratur,

93 598 112 624 ut
125 588 168 637 quid
181 589 203 625 sir
216 589 289 626 maioris
304 589 389 637 criminis,
403 602 457 627 nemo
470 589 521 626 facilc
537 589 592 638 possit
606 587 717 625 discernere:
732 584 825 623 Coenobia

57 682 58 685 ,
92 648 110 684 iu
123 661 186 684 manus
200 648 308 685 secularium
322 648 427 685 elericorum
440 648 538 695 transferri,
549 661 571 684 an
584 646 616 684 sub
626 645 707 683 titanibus
721 655 757 682 tam
771 644 825 681 scele-

92 716 171 745 ratorum
185 707 318 745 ruorracltorum
331 708 398 745 diutius
411 707 476 746 haberi.
490 709 530 745 Heu
544 708 596 744 Pater
610 706 680 753 Sancte,
695 705 737 755 quid
755 704 825 742 dicam?
845 708 911 768 relappi-
920 708 938 768 il*
954 714 955 717 ’

91 767 120 803 Tu
134 767 212 805 Abbares
226 768 317 817 quondam
331 769 431 813 instituens,
445 770 490 806 circa
506 768 605 806 mouaclros
624 767 704 804 infirmos
718 766 824 815 praecepisti
860 752 873 777 ε’
892 751 912 777 'p'
929 760 933 768 ’

91 840 129 864 esse
142 827 237 873 sollicitos,
252 829 289 865 Iam
303 827 402 877 pastoribus
416 829 463 865 nulla
477 829 498 866 de
512 827 574 865 ovibus
588 840 630 864 cura
644 838 676 869 est,
690 825 712 862 de
725 826 824 862 animarum

91 886 147 923 salute
161 887 252 936 diligentia
265 887 322 925 nulla:
337 901 407 933 omncs,
418 901 462 937 qnae
475 900 505 924 suu
520 896 566 934 sunt,
576 897 668 936 quaerunt,
679 899 715 923 uon
729 898 774 935 quae
783 885 823 921 Iesu

91 945 164 983 Christi.
176 947 221 983 Ecce
240 946 263 983 fili
281 947 312 991 tui,
326 948 383 993 Pater,
397 946 455 983 zelum
473 945 558 984 habentes
574 959 677 983 succurrere
693 945 774 994 cupiunt,
793 944 824 980 sed

90 1005 134 1043 niltil
147 1005 250 1055 proficiunt,
265 1006 353 1042 anulorum
367 1007 468 1043 temeritate
481 1006 583 1055 praepediti.
598 1006 644 1050 Quis
662 1006 708 1041 iuter
721 1005 763 1041 haec
780 1016 823 1040 vero

89 1064 195 1103 subveniat?
208 1066 319 1115 Episcopus?
333 1065 368 1102 Sed
376 1079 407 1102 sua
421 1076 474 1110 cantat,
485 1078 516 1102 sua
525 1066 599 1115 quaerit,
609 1075 668 1102 nostra
682 1063 763 1113 despicit.
773 1063 823 1099 Prin-

90 1125 143 1172 ceps?
153 1124 187 1161 Sed
196 1124 276 1161 favorem
286 1124 352 1171 vendit,
362 1123 474 1172 disciplinam
484 1125 556 1172 respuit,
566 1123 671 1172 temporalia
681 1122 822 1172 quae1·it.Nemo

89 1192 120 1229 est,
139 1184 168 1231 qui
186 1183 246 1220 doleat
263 1196 316 1231 super
334 1184 441 1221 contritione
459 1183 526 1221 ordinis
544 1184 577 1220 tui:
595 1196 654 1227 nemo,
673 1183 703 1232 qui
720 1180 821 1218 subveniat:

88 1254 142 1278 nemo
155 1243 186 1290 qui
199 1242 285 1278 auxilium
299 1241 399 1290 impendat:
410 1242 485 1289 Omnes,
495 1242 525 1291 qui
539 1251 614 1289 possunt
627 1254 668 1278 eum
680 1242 784 1286 instaurare,
793 1254 821 1277 ne·

88 1300 162 1349 gligunt,
176 1299 212 1346 alii,
226 1300 255 1349 qui
269 1299 329 1337 zelum
338 1299 441 1348 discipliuae
450 1299 514 1337 ltabere
523 1298 715 1345 videntur,subvenire
729 1307 821 1342 conantur,

88 1358 119 1395 sed
132 1369 229 1407 nequeunt.
244 1359 261 1396 O
274 1357 357 1403 Abbares,
367 1358 451 1405 Abbares,
461 1359 493 1409 qui
507 1359 588 1396 omnitun
602 1358 690 1395 malorum
701 1359 718 1395 in
732 1357 822 1394 coenobiis

87 1418 151 1454 vestris
165 1418 207 1454 estis
222 1419 300 1455 occasio.
310 1418 347 1462 Qui
357 1417 462 1455 vanitatibus
472 1418 531 1462 dediti,
542 1417 639 1455 monachos
649 1417 772 1467 delinquentes
785 1430 821 1454 non

87 1477 147 1513 statim
162 1477 261 1525 corripitis:
276 1490 329 1526 quant
340 1477 402 1514 duram
412 1478 518 1514 senteutiam
532 1477 651 1515 damnationis
661 1477 756 1526 accipietis.
765 1476 821 1514 Vobis

86 1536 223 1586 (meditemini)
232 1534 282 1573 vobis
296 1535 413 1585 imputabitur
421 1537 553 1574 anormcltorum
563 1547 665 1573 vestrorum
676 1536 773 1573 damuatio,
784 1535 821 1579 Qui

86 1605 164 1633 rectores
178 1608 241 1633 eorum
254 1596 314 1644 positi,
328 1608 387 1633 mores
402 1597 490 1634 instruere
506 1587 615 1645 neglexistis.
629 1596 667 1632 Vae
685 1594 742 1642 vobis,
756 1594 821 1631 Melius

86 1665 138 1702 esset,
152 1656 166 1691 si
179 1654 256 1692 Abbares
270 1668 361 1704 ultraquam
374 1654 458 1694 fuissetis.
469 1657 507 1694 Vos
521 1656 609 1701 avaritiae,
621 1666 637 1692 et
650 1654 718 1692 libidini
731 1664 820 1701 vacautes,

86 1727 131 1761 opus
145 1714 219 1751 Domini
236 1714 334 1763 negligitis,
350 1727 411 1751 curam
429 1716 528 1752 animarum
546 1715 643 1764 despicitis,
661 1714 682 1752 de
697 1712 819 1752 observantiae
864 1725 929 1767 passam-

85 1774 149 1810 semita
162 1772 206 1810 nibil
221 1774 313 1822 cogitatis:
328 1774 365 1818 Qui
380 1775 423 1812 vitia
440 1775 570 1812 monachorum
584 1773 651 1811 debetis
668 1774 763 1821 corrigere,
776 1773 820 1809 vitia
841 1760 929 1830 ᾗῇξζαῖᾚιῖ

86 1834 204 1877 committitis,
215 1843 232 1869 et
245 1847 267 1870 ne
276 1843 373 1882 arguantur
382 1844 446 1881 uestra,
456 1834 571 1870 dissimulatis
581 1833 642 1870 aliena.
653 1833 729 1869 Cernitis
739 1847 750 1870 ο
759 1832 820 1869 Patres
841 1830 857 1855 ¹¹²
872 1839 898 1856 ⁵⁰¹⁵
907 1839 928 1856 Ἡ·

842 1865 885 1885 ὓἸ
925 1884 929 1892 ι

86 1893 200 1935 ornatissimi,
209 1893 247 1941 quis
257 1886 287 1929 Ξῖ
288 1893 357 1930 ordinis
366 1894 421 1930 Vestri
431 1904 494 1938 status,
505 1894 535 1942 qui
544 1892 629 1939 Abbates,
638 1893 668 1943 qui
678 1892 767 1937 monachi,
778 1906 820 1941 quo·
841 1873 863 1899 ”m
876 1871 924 1891 amem

84 1952 138 1999 niam,
154 1954 184 2001 qui
198 1954 287 2000 corrigant
301 1952 401 2001 irnprobos‚
417 1952 481 1989 desunt
486 1968 491 1999 3
505 1952 539 1990 soli
552 1953 598 2001 apud
612 1952 652 1990 illos
665 1953 695 2002 qui
709 1953 820 2003 corrigantur

85 2022 186 2059 occurrunt.
197 2010 245 2054 Quid
255 2023 298 2060 ergo
307 2024 376 2048 moram
386 2011 454 2049 facitis?
468 2013 529 2056 Quare
539 2011 559 2048 de
569 2011 698 2049 reformatione
706 2012 769 2049 talium
783 2026 820 2049 uon

84 2069 179 2117 cogitatis?
193 2068 229 2105 Cur
238 2070 369 2106 monachorum
383 2070 443 2119 iniqua
456 2070 513 2107 studia
522 2083 558 2107 non
569 2071 665 2108 coercetis?
678 2072 717 2109 Nos
727 2071 820 2122 confundit

83 2127 156 2165 illorum
166 2127 249 2172 diffamia,
257 2141 291 2165 nos
299 2127 418 2166 scandalizant
427 2128 499 2166 illorum
509 2129 596 2178 exempla,
604 2131 689 2178 quoniam
698 2143 733 2180 quo
743 2144 819 2168 numero

83 2196 125 2223 suut
134 2186 199 2235 plures,
208 2201 229 2224 eo
238 2188 334 2224 creduntur
343 2201 353 2224 a
362 2188 481 2226 nescientibus
489 2191 558 2226 actione
566 2189 650 2237 potiores.
658 2189 744 2239 Eaurgite
752 2191 819 2234 Patres,

84 2247 169 2295 quoniam
183 2246 220 2283 dies
234 2255 251 2282 et
264 2246 333 2293 breves,
347 2258 363 2284 et
377 2246 418 2285 mali
432 2258 481 2294 sunt;
495 2247 591 2286 reformate
601 2262 639 2297 pro
653 2248 720 2286 viribus
738 2250 819 2287 ordinem

83 2304 207 2348 deformatum,
222 2306 285 2353 erigite
298 2306 393 2353 deiectum,
407 2307 504 2344 instaurate
515 2307 620 2356 collapsum.
630 2309 670 2346 Nisi
683 2310 731 2346 euim
745 2309 780 2346 cito
790 2322 820 2358 ap-

83 2365 299 2412 posueritisremedium,
312 2379 366 2414 grave
383 2367 464 2402 sentietis
480 2367 498 2403 in
517 2366 566 2403 brevi
581 2367 720 2405 detrimentum.
734 2368 819 2405 Monaclii

81 2436 158 2472 natuque
176 2423 268 2470 dissoluti3
285 2436 301 2462 et
316 2425 403 2473 regularis
421 2425 525 2474 disciplinae
544 2426 619 2471 ariarici,
634 2426 655 2463 ad
672 2427 734 2475 peiora
747 2440 818 2475 semper

51 2487 53 2490 ’
81 2483 165 2531 aspirant,
176 2493 192 2520 et
206 2497 228 2520 ne
241 2485 259 2520 in
272 2484 336 2521 ordine
344 2484 439 2528 salventur,
449 2484 502 2521 illum
516 2484 596 2522 deserere
605 2484 690 2523 laborant.
700 2484 773 2522 Habetis
782 2499 815 2534 pro
866 2522 868 2525 ,

81 2542 210 2580 reformatione
223 2542 324 2581 inchoanda
338 2544 383 2581 larris
397 2545 468 2590 auxilia,
482 2543 550 2581 habetis
563 2545 649 2593 regulam,
663 2544 731 2582 habetis
744 2547 814 2589 statuta,

81 2600 116 2638 hoc
129 2601 189 2638 solum
203 2615 212 2638 a
226 2601 277 2639 vobis
291 2603 394 2651 requiritur,
408 2612 427 2639 ut
440 2603 470 2640 illa
483 2604 590 2651 practicetis⁴
604 2603 623 2641 Si
636 2617 679 2653 ergo
697 2604 771 2654 diligitis
785 2618 815 2642 or·
834 2645 835 2648 ,

81 2660 142 2698 dinem
155 2670 239 2705 uestrum,
255 2661 313 2698 immo
332 2662 373 2711 quia
387 2660 470 2711 diligitis:
484 2661 541 2699 nolite
557 2663 653 2713 negligere,
666 2663 723 2702 nolite
740 2664 817 2712 tardare,
