1968 3023
396 185 473 224 Humilia
487 185 517 223 XI.
801 196 823 232 75

88 262 159 315 cepistis
173 266 248 314 experiri
262 264 361 312 fervorem,
374 266 442 314 pergite
456 274 557 302 constanter
570 265 637 310 animo,
653 277 688 314 quo
702 265 782 301 Domino
797 264 822 300 in-

88 326 166 373 spirante
179 325 286 372 destinastis,
300 336 323 372 11,
336 326 351 362 11
365 338 410 374 quos
423 325 441 361 in
455 324 489 361 hoc
503 325 565 361 itinere
579 334 640 361 sancto
654 323 704 361 vobis
721 336 781 372 opere,
795 323 823 360 vel

87 397 170 422 sermone
184 386 286 422 inveneritis
300 385 406 430 contrarios,
416 393 435 421 ut
444 383 546 432 pestiferum
557 384 604 420 virus
614 383 705 421 declinate.
715 383 761 420 Nam
770 383 823 419 sicuti

88 457 132 493 aqua
146 446 234 494 extinguit
247 446 313 494 ignem,
327 446 356 482 cui
369 443 474 488 infunditur,
489 444 514 480 sic
530 444 641 481 novitiorum
659 453 738 480 sanctum
757 455 823 491 propo·

88 503 142 545 sirum
156 504 243 553 exemplis
256 504 358 553 tepidorum
367 504 450 541 violatur.
460 504 527 541 Cavete
535 502 608 540 illorum
622 503 707 540 interesse
721 502 822 552 colloquiis,

88 576 133 612 quos
146 563 164 599 in
178 562 289 601 observantia
307 564 432 602 mandatorum
445 564 489 607 Dei,
503 572 520 600 et
534 562 642 600 monasticae
655 562 737 612 puritatis
753 562 823 610 conspi-

88 621 260 671 citisnegligentes3
274 624 315 673 quia
329 636 369 660 cum
383 623 418 659 sint
431 620 543 672 passionibus
557 622 617 670 agitati
628 619 731 665 carnalibus,
741 619 823 657 exabun-

88 680 147 724 dantia
160 681 219 719 cordis
228 681 272 719 nihil
282 681 334 727 aliud,
344 695 397 732 quam
407 694 458 728 vana,
469 691 486 719 et
498 680 574 719 carnalia
586 680 689 729 loquuntur.
700 681 824 730 Corrumpunt

88 741 136 787 eninr
150 753 209 779 mores
222 742 307 779 iuvenum
322 741 380 779 bonos
394 754 456 778 senum
470 740 559 790 colloquia
572 753 632 789 prava.
641 741 692 778 Vana
705 749 747 777 sunt
760 750 823 776 cuncta

88 797 161 835 illorum
175 798 238 846 studia,
253 810 269 836 et
282 799 360 846 inutiles,
374 799 430 836 immo
444 798 523 848 pestiferi
537 811 634 843 sermones,
648 799 679 849 111
693 798 786 836 carnaliter
799 811 823 835 sa-

87 858 156 906 pientes
171 859 225 905 11111111
239 859 304 895 amoris
319 858 401 907 exercitia
414 870 450 895 non
464 866 557 895 noverunt.
567 857 662 895 Enimvero
676 858 721 894 sicut
735 870 770 894 una
783 858 822 894 ovis

88 916 169 955 morbida
181 917 268 966 paulatim
281 918 385 955 uuiversum
395 918 493 965 corrumpit
503 917 556 962 ovile,
567 918 591 953 ita
600 930 645 953 11111
654 918 672 954 111
682 916 822 966 congregatione

86 976 185 1014 monachus
199 977 292 1021 acidiosus,
307 986 324 1013 et
338 989 438 1026 perversus,
451 975 549 1013 multarum
562 988 614 1025 saepe
628 976 647 1012 tit
661 988 711 1013 causa
724 985 822 1025 transgres-

88 1036 165 1074 sionum.
180 1036 349 1080 Quemadmodum,
363 1047 424 1073 sancto
442 1034 564 1084 Claristoplrilo
582 1045 667 1082 testante,
680 1035 772 1073 modicum
789 1035 823 1072 fer-

87 1106 169 1132 mentum
182 1105 239 1132 totam
252 1095 318 1133 farinae
332 1108 414 1140 massam,
429 1097 457 1132 cui
470 1096 559 1139 miscetur,
570 1108 602 1132 suo
616 1096 714 1144 corrumpit
727 1095 789 1139 odore,
800 1097 823 1132 ita

87 1155 411 1204 111111111111111111,111111111111,
426 1155 454 1203 qui
472 1167 513 1191 1111
530 1154 600 1203 tepidis,
614 1163 631 1190 et
650 1153 731 1192 acidiosis
750 1167 823 1192 conver-

87 1224 148 1252 santur
161 1213 268 1260 senioribus,
279 1214 351 1252 illorum
361 1215 420 1263 pravis
433 1213 512 1251 moribus
526 1213 635 1258 imbuuntur,
646 1223 662 1251 et
671 1226 763 1264 nunquam
776 1214 823 1252 dein-

81 1286 127 1323 ceps
141 1272 162 1310 ad
177 1274 233 1310 sancti
246 1273 322 1311 fervoris
336 1274 457 1323 integritatem
470 1272 596 1311 reformantur.
607 1273 696 1317 Quocirca
704 1272 755 1311 vobis
764 1275 823 1311 senio·

87 1332 134 1370 ribus
144 1332 190 1370 dico:
200 1333 261 1370 Estote
271 1332 321 1371 bonis
331 1331 419 1381 operibus,
428 1334 520 1382 castisque,
528 1345 544 1370 et
553 1345 623 1381 semper
631 1332 701 1381 pudicis
710 1332 822 1371 sermonibus

844 1053 855 1072 1.
865 1045 896 1073 Cor.
906 1050 918 1078 5.

87 1393 172 1429 iuvenum
186 1391 244 1429 forma
257 1393 333 1436 vivendi,
344 1402 364 1429 ut
373 1394 443 1441 quoties
456 1405 489 1441 pro
502 1393 538 1429 suis
552 1391 668 1429 emendantur
681 1392 757 1439 delictis,
766 1393 823 1430 senio·
856 1415 857 1418 =

87 1464 126 1488 rum
140 1464 159 1488 se
172 1463 209 1488 non
222 1460 306 1488 tueantur
319 1451 409 1500 exernplis.
424 1451 558 1499 Turpissimum
568 1461 594 1487 est
603 1452 650 1488 enim
663 1452 742 1488 seniores
756 1452 774 1488 in
787 1451 822 1488 illis

87 1523 125 1547 esse
140 1509 246 1560 culpabiles,
259 1523 292 1559 pro
310 1510 373 1559 quibus
391 1511 456 1547 merito
474 1511 594 1559 corripiuntur
610 1510 693 1548 iuniores.
707 1511 737 1555 Ira,
751 1524 821 1560 precor,

86 1584 138 1608 senes
151 1572 217 1616 vivite,
232 1580 252 1607 ut
265 1583 326 1608 coram
339 1571 389 1609 vobis
403 1571 456 1617 nibil,
470 1571 518 1620 quod
531 1570 611 1607 videatur
625 1584 663 1608 esse
676 1570 820 1620 reprehensibile,

86 1631 166 1667 iuniores
176 1640 205 1667 aut
214 1630 263 1680 loqui
272 1640 392 1679 praesumant,
402 1640 431 1667 111
441 1630 503 1667 lacere.
513 1629 581 1666 ludices
592 1642 624 1667 vos
638 1631 712 1666 timeant
726 1630 822 1677 rnalorum,

85 1702 121 1726 non
135 1698 239 1737 patronatus
252 1690 309 1726 vicem
323 1699 405 1738 agentes;
418 1690 502 1739 qnoniam
516 1699 604 1739 quotquot
618 1689 699 1738 exemplo
713 1690 768 1726 vestri
781 1702 821 1738 pec-

86 1751 172 1796 caverint,
182 1760 241 1787 vestro
251 1752 325 1799 periisse
333 1752 436 1800 magisterio
450 1760 560 1800 reputantur.
571 1751 612 1788 Non
621 1751 643 1787 sit
653 1752 698 1788 inter
708 1764 740 1788 vos
750 1750 821 1800 tepidus

85 1809 190 1857 quisquam,
203 1819 233 1845 aut
247 1809 355 1856 desidiosus,
370 1806 465 1858 quoniam,
479 1820 496 1848 et
509 1809 596 1847 desideria
609 1810 691 1847 occidunt
705 1812 789 1860 pigrum,
804 1821 820 1847 et

86 1868 157 1915 perimit
174 1868 241 1904 vanitas
259 1881 332 1905 omnem
350 1868 459 1905 momeliam
477 1869 564 1906 ociosum.
578 1870 619 1907 Non
633 1870 655 1906 sit
669 1870 686 1906 in
700 1868 751 1907 vobis
765 1870 821 1908 homo

85 1922 177 1974 verbosus,
190 1928 291 1976 girovagus,
305 1928 433 1974 circurncellio,
449 1941 571 1975 murmurans,
586 1939 604 1965 11
621 1930 720 1979 inquietus,
735 1932 821 1980 quoniam

86 1987 166 2036 quisquis
180 1986 243 2023 talibus
257 1987 355 2024 delectatur
368 1987 439 2033 studiis,
450 1998 466 2025 et
479 2000 498 2024 se
512 1988 559 2025 malo
572 1988 630 2037 perdit
643 2002 703 2038 opere,
718 2000 735 2027 11
748 1990 821 2028 fratrem

85 2058 137 2083 suum
151 2045 216 2083 occidit
230 2047 321 2096 exemplis.
335 2048 376 2084 Non
389 2048 412 2083 sit
425 2047 470 2084 inter
484 2060 516 2084 vos
530 2048 592 2085 irrisor
605 2049 723 2097 simplicium,
738 2062 774 2086 non
788 2048 820 2086 hn-

85 2106 156 2143 milium
170 2116 288 2155 contemptor,
302 2117 332 2144 aur
345 2108 448 2144 temerarius
461 2108 555 2156 quisquam
568 2117 645 2155 taxator3
659 2110 750 2157 quoniam,
760 2110 790 2159 qui
799 2110 820 2147 ad

85 2164 178 2203 ridendum
197 2175 224 2202 est
241 2166 365 2216 promptulus,
380 2165 397 2202 in
411 2166 484 2203 stultitia
502 2179 533 2203 sua
551 2167 693 2212 consumabitur,
708 2179 774 2206 ernon
788 2171 821 2206 erit

84 2225 181 2274 gloriosus,
195 2225 222 2263 Os
235 2239 288 2262 suum
302 2227 357 2274 aperit
371 2235 432 2263 contra
446 2226 542 2273 lrnmilern,
555 2239 625 2276 semper
638 2229 707 2276 quaerit
720 2228 788 2278 iurgia,
803 2241 820 2266 er

84 2282 149 2333 gaudet
162 2297 181 2320 se
194 2282 245 2321 factis
259 2284 334 2330 aliorum
348 2298 386 2322 esse
399 2285 497 2334 loquacem
511 2286 552 2323 Non
566 2285 698 2334 prosperabitur
711 2288 729 2324 in
743 2288 820 2326 consilio

85 2355 123 2387 suo,
138 2344 182 2380 etsi
196 2342 248 2380 luerit
262 2344 321 2393 aliquo
335 2343 440 2381 sublimatus
453 2344 528 2391 laonote,
540 2345 574 2381 cito
588 2357 659 2383 corruet
672 2346 689 2382 in
703 2346 820 2395 profundum.

84 2401 162 2440 Odibilis
175 2412 202 2440 111
215 2404 254 2440 Deo
268 2402 350 2453 superbia
363 2404 409 2448 eius,
424 2404 518 2452 quoniam,
532 2417 572 2440 cum
590 2405 613 2441 sit
631 2405 705 2449 stultus,
720 2405 818 2453 11111111,

85 2461 174 2498 eruditum
188 2474 207 2498 se
220 2462 313 2511 gloriatur,
327 2474 344 2499 er
357 2464 462 2512 sapientem.
476 2463 517 2501 Cito
531 2463 647 2501 denudabitur
660 2465 762 2514 insipientia
776 2466 819 2511 1111,

85 2532 102 2558 11
115 2523 174 2571 gravis
188 2534 229 2559 11111
243 2521 336 2572 occupabit
349 2523 436 2559 interitus.
451 2523 487 2560 Cor
500 2524 538 2559 eius
556 2522 669 2561 meditabitur
682 2525 787 2572 stultitiam,
803 2536 819 2563 et

84 2594 121 2618 non
134 2590 161 2618 est
174 2594 207 2630 pax
220 2582 239 2619 in
252 2581 327 2619 circuitu
337 2583 380 2619 eius
390 2582 438 2619 Odio
449 2584 481 2619 erit
491 2583 582 2631 proximis,
592 2591 644 2632 atque
651 2584 723 2631 vicinis,
733 2593 751 2621 11
762 2585 820 2623 1111111

85 2641 137 2679 111111
151 2640 208 2678 fidelis
222 2652 341 2691 prosequetur
354 2643 426 2680 anricus.
440 2643 500 2679 Vitam
514 2641 562 2680 ducit
579 2643 596 2680 in
614 2643 705 2693 hypocrisi
719 2654 821 2694 assumptae

85 2700 239 2749 simulationiset
250 2701 318 2739 multos
332 2715 363 2740 111
376 2702 452 2740 stultitia
466 2702 523 2740 trahet
536 2704 554 2740 in
567 2704 685 2743 aversionem
699 2705 763 2743 Pacem
777 2704 821 2754 odit,

862 2034 930 2061 Adversus

841 2068 899 2096 irrisores
905 2069 929 2096 bo·

841 2111 889 2131 norum
898 2113 930 2139 ope·

840 2147 874 2166 tum.
