1968 3023
25 256 61 277 runt
81 258 110 276 no·

24 286 59 312 mina
67 285 111 319 lmpe-

24 320 63 347 ratoti
73 319 110 346 Chri·

24 362 49 382 sto.

48 2213 109 2240 Monaclti

20 2247 108 2284 foedifragi

20 2292 47 2309 non
61 2284 108 2309 Mona·

21 2318 45 2350 chi,
52 2318 75 2344 sed
81 2318 108 2344 itri-

20 2360 61 2379 sores.

37 2683 76 2715 Eccli.
86 2689 106 2718 27.

131 157 142 196 8
332 157 358 197 Da
370 156 432 196 utilitia
444 157 528 208 spirituali
541 156 667 197 attitulatam.
698 199 699 203 ,

132 237 269 287 insuperabilem
283 238 365 276 militiam
379 239 452 286 Christi,
466 237 518 289 quam
533 240 574 277 estis
588 239 655 289 duplici
668 240 771 278 conditione
784 238 865 290 professi,

130 298 184 335 altera
197 298 268 347 quando
282 299 300 335 in
310 297 358 336 fonte
367 299 412 336 sacri
422 298 532 348 baptismatis
541 298 688 336 abrenunciantes
696 300 776 346 Satanae,
787 301 805 337 in
813 299 865 337 verba

131 358 238 395 christianae
251 358 369 395 institutionis
382 358 462 395 iurastist
476 357 529 395 altera
542 370 585 395 vero
603 357 673 407 quando
690 357 724 395 hoc
742 358 865 396 indumentum

131 418 240 455 monasticae
253 418 346 467 religionis
359 419 463 456 solemniter
476 417 564 456 induistis.
578 418 643 467 Magna
655 431 687 456 vos
701 419 797 468 proficendi
806 433 865 457 neces-

132 479 174 515 sitas
188 478 302 527 constringit,
312 479 328 515 si
337 478 467 526 professionem
476 487 554 514 vestram
564 476 622 524 dehita
631 477 773 517 consideratione
782 480 865 528 pensetis,

132 539 217 588 quoniam
231 547 251 574 ut
264 537 345 575 mandata
359 549 429 575 servare
446 532 524 574 debeatis
538 536 648 585 Evangelica,
662 537 707 574 ratio
725 538 802 575 nominis
820 538 865 575 chti-

132 598 184 635 stiani
201 598 297 647 praecipit:
312 607 334 642 et,
348 607 367 635 nt
383 599 491 635 monasticae
508 598 626 635 institutionis
643 608 737 647 praecepta
754 598 864 645 custodiatis,

131 667 202 703 votum,
217 656 265 707 quod
279 657 362 694 emisistis
376 657 482 704 voluntarie,
496 657 576 706 requirit.
589 657 630 695 Non
644 656 694 695 vobis
713 658 747 694 iarn
765 658 831 695 sufficit
844 657 865 695 ad

131 718 214 763 salutent,
227 730 247 754 ea
261 716 351 765 complere
368 725 468 765 praecepta,
483 729 528 765 quae
546 716 646 753 christianis
660 715 678 753 in
691 718 783 754 communi
801 730 865 767 propo-

132 788 198 814 nuntur
215 776 307 823 servanda,
324 777 357 813 nisi
376 777 428 814 etiam
446 776 582 826 diligentissime
600 776 702 813 custodiatis
719 777 807 824 instituta,
821 790 865 827 quae

132 836 246 885 promisistis,
261 836 365 873 tnottastica.
378 836 457 882 Vovete,
470 836 527 885 inquit
539 836 631 884 scriptura,
645 846 662 873 et
676 835 750 873 reddite.
764 837 866 885 iterumque

132 895 165 933 alia
178 895 265 944 scriptura
278 894 330 933 dicit:
344 895 362 932 Si
375 894 417 945 quid
430 895 496 932 vovisti
510 895 555 942 Deo,
568 909 590 933 ne
603 895 679 932 moreris
692 895 771 939 reddere,
785 894 866 945 displicet

132 955 179 993 enim
194 956 210 992 ei
224 953 305 999 infidelis,
315 966 332 992 et
345 955 398 991 stulta
412 955 514 1003 promissio,
523 955 615 1004 multoque
625 955 689 992 melius
704 965 731 993 est
743 969 780 994 non
792 968 865 1004 vovere,

132 1026 184 1064 quam
199 1023 240 1063 post
252 1023 316 1050 votum
326 1016 415 1063 promissa
427 1027 464 1052 non
477 1014 556 1052 reddere.
569 1015 591 1051 Et
604 1025 675 1052 sanctus
684 1015 802 1065 Augustinus,
813 1029 864 1065 quam

131 1075 155 1112 sit
167 1074 287 1112 necessarium
297 1074 336 1111 Deo
349 1073 422 1111 reddere
435 1074 529 1122 promissa,
538 1086 571 1111 nos
585 1074 668 1112 atltnonet
680 1074 750 1112 dicens:
761 1074 805 1112 Sunt
813 1088 865 1124 quae·
880 1072 882 1075 ’

132 1133 182 1177 dant,
192 1145 237 1182 quae
247 1133 300 1169 etiam
310 1145 347 1170 non
355 1143 441 1171 voventes
451 1134 531 1171 Domino
540 1133 632 1180 debemus,
643 1143 659 1171 et
668 1143 709 1171 sunt
718 1134 810 1184 quaedam,
820 1148 864 1184 quae

131 1192 165 1229 nisi
178 1191 287 1234 voverimus,
301 1204 337 1228 nott
351 1190 442 1229 debemus.
455 1191 490 1229 Sed
503 1201 597 1242 postquam
611 1206 631 1230 ea
644 1193 723 1231 Domino
737 1194 865 1242 promittimus,

132 1251 233 1289 necessario
246 1249 319 1288 reddere
333 1252 478 1300 constringimur.
493 1252 517 1288 At
530 1264 577 1288 nunc
590 1252 652 1289 fratres
668 1252 703 1289 mei
721 1253 763 1302 quid
780 1254 865 1290 voveritis

131 1310 211 1347 Domino
225 1310 265 1347 Deo
279 1318 346 1356 vestro,
356 1310 431 1347 solerter
444 1323 510 1359 quaeso
524 1310 633 1360 perpendite,
643 1321 660 1349 et
673 1310 704 1348 sub
717 1324 751 1360 qua
760 1313 865 1349 necessitate

130 1368 236 1406 redditionis
250 1370 382 1417 promissorum
394 1369 433 1405 sitis
447 1369 546 1415 constituti,
559 1368 620 1407 sedulo
634 1379 711 1419 pensate.
723 1370 803 1408 Vovistis
817 1371 864 1408 euim

131 1429 170 1465 Deo
185 1430 255 1474 vestro,
269 1441 306 1465 non
324 1428 399 1471 homini,
413 1427 539 1474 obedientiam,
555 1437 572 1465 et
590 1429 725 1466 conversionem
743 1442 813 1466 morunt
831 1442 864 1466 ve-

131 1497 202 1525 trotum
215 1485 313 1524 secundum
326 1486 407 1536 regulam
421 1487 529 1524 sanctissimi
544 1487 649 1536 legislatoris
666 1488 722 1525 nostri
736 1487 832 1535 Benedicti,
847 1499 865 1526 et

131 1557 233 1596 perpetuam
244 1547 262 1584 in
270 1546 305 1583 hoc
314 1546 406 1596 religionis
416 1547 479 1584 ordine
488 1546 610 1584 stabilitatem
617 1546 744 1585 Obedientiam
753 1561 802 1595 vero,
811 1561 864 1598 quarn

130 1607 169 1644 Deo
183 1606 299 1654 promisistis,
310 1606 348 1642 eius
361 1606 428 1643 vicario
440 1605 510 1643 homini
523 1605 595 1652 debetis,
605 1618 657 1654 quem
668 1606 715 1643 vices
724 1606 791 1644 Christi
803 1620 865 1656 gerere

130 1667 148 1703 itt
162 1665 273 1703 monasterio
287 1678 308 1702 ex
321 1665 389 1714 regula,
404 1678 458 1714 quam
472 1665 581 1714 profitemini
591 1664 683 1704 didicistis.
694 1665 793 1703 Conversio
805 1675 865 1703 autern

130 1739 202 1764 morum
216 1725 272 1775 qualis
286 1723 349 1762 debeat
362 1737 401 1761 esse
413 1725 512 1762 secundum
525 1724 611 1773 tegulam,
625 1725 642 1762 in
656 1724 712 1773 capite
727 1734 790 1774 quarto
804 1724 825 1762 de
839 1725 865 1762 in-

129 1786 234 1824 strumentis
247 1784 336 1822 bonorum
346 1797 422 1834 opetum
436 1794 540 1832 praenotato
549 1783 601 1833 plane
611 1784 719 1833 conspicitis,
729 1784 747 1820 itt
760 1797 795 1833 quo
809 1784 864 1822 totius

130 1844 245 1894 perfectionis
258 1844 368 1881 monasticae
381 1856 470 1881 summam
480 1844 541 1894 paucis
551 1844 698 1891 comprehensam
705 1843 796 1881 invenitis.
805 1843 865 1881 Enim-

129 1918 172 1942 vero
186 1904 234 1953 quod
248 1902 349 1941 iaciendum
360 1904 406 1941 circa
417 1903 495 1940 novitios
504 1902 556 1940 divus
566 1912 616 1952 pater
628 1912 689 1939 noster
698 1903 792 1951 praecepit,
802 1915 864 1940 omnes

129 1962 228 2009 audivistis,
238 1971 255 1999 et
263 1962 281 1998 in
291 1974 400 2011 unoquoque
409 1972 488 1999 vestrum
503 1960 569 1999 iactum
582 1962 600 1999 in
614 1960 687 1998 exordio
696 1960 811 2009 professionis
822 1973 865 1998 snae

129 2035 165 2060 non
179 2023 272 2071 ignoratis.
285 2022 314 2058 Sic
327 2022 375 2058 enim
392 2021 444 2058 dicit:
459 2020 586 2069 Suscipiendus
603 2030 664 2057 autem
677 2021 695 2057 iu
708 2020 787 2058 oratorio
804 2032 864 2058 coram

129 2080 213 2120 omnibus
227 2081 321 2131 promittat
335 2079 356 2117 de
369 2080 465 2118 stabilitate
478 2093 516 2124 sua,
530 2090 547 2118 et
560 2080 678 2117 conversione
694 2091 766 2116 morum
782 2092 863 2126 suorum,

129 2153 146 2179 et
159 2140 267 2187 obedientia,
281 2152 342 2177 coram
351 2141 396 2184 Deo,
411 2150 428 2177 et
441 2140 506 2177 sanctis
516 2140 560 2186 eius,
575 2150 594 2176 nt
607 2140 621 2176 si
635 2138 730 2188 aliquando
738 2138 789 2176 aliter
797 2138 863 2184 fecerit,

129 2213 139 2237 a
151 2200 191 2237 Deo
205 2211 223 2236 se
237 2197 358 2236 damnandum
371 2198 423 2244 sciat,
434 2211 486 2247 quem
496 2197 564 2234 irridet.
575 2196 691 2235 Considerate
704 2210 751 2235 nnnc
764 2197 823 2247 itaque
832 2197 864 2234 fra-

129 2267 165 2295 tres
178 2256 211 2294 sub
225 2265 290 2307 quanta
304 2257 343 2293 sitis
356 2257 462 2294 necessitate
476 2256 569 2293 constituti
578 2255 699 2293 observantiae
709 2256 805 2305 regularis:
820 2269 864 2306 qno-

129 2318 177 2354 niam
190 2317 224 2353 nisi
238 2329 293 2366 opere
308 2315 447 2364 compleveritis,
460 2315 508 2364 quod
522 2316 540 2351 in
553 2316 667 2364 susceptione
683 2316 778 2352 monastici
794 2314 864 2352 habitus

129 2376 244 2425 promisistis,
253 2387 290 2412 non
304 2374 350 2411 servi
359 2374 399 2421 Dei,
409 2386 445 2411 non
459 2374 518 2420 amici,
527 2387 564 2411 non
577 2373 665 2417 monachi,
675 2373 706 2411 sed
714 2373 795 2411 irrisores
804 2386 864 2411 corant

129 2434 248 2484 omnipotenti
255 2434 335 2471 Domino
343 2434 391 2470 eritis
399 2433 494 2470 iudicandi.
502 2434 577 2481 Semper
584 2445 626 2482 ergo
634 2445 723 2470 memores
731 2441 787 2470 estote
797 2445 863 2477 eorum,

130 2507 174 2543 quae
187 2493 239 2531 vobis
253 2493 314 2542 regula
327 2493 418 2542 praecipit,
432 2491 531 2529 secundum
545 2505 598 2541 quam
612 2492 704 2529 instituere
721 2505 781 2529 mores
794 2502 864 2529 vestros

131 2553 245 2602 promisistis,
260 2562 277 2589 et
289 2550 375 2598 laborate,
390 2552 443 2589 sicuti
455 2552 492 2588 veri
510 2551 576 2588 milites
589 2552 629 2589 lesu
644 2551 717 2597 Christi,
731 2551 800 2588 assidue
813 2551 831 2588 in
844 2552 865 2589 ti-

133 2625 184 2650 more
197 2612 274 2650 Domini
286 2612 386 2661 vigilantes‚
400 2613 484 2661 quoniam
502 2612 548 2648 sicut
565 2611 608 2649 dicit
621 2612 714 2661 scriptura,
729 2611 762 2648 nisi
775 2623 866 2650 voscon-

130 2682 198 2711 stanter
216 2671 309 2710 tenueritis
327 2672 345 2709 in
363 2671 428 2709 tianore
441 2671 522 2719 Domini,
535 2672 571 2709 cito
588 2669 701 2709 subvertetur
718 2670 782 2709 domus
799 2680 864 2711 vestra.
