1968 3023
72 796 139 822 Unanimi·

52 836 71 855 tas
76 832 139 856 orantium

52 864 67 890 ad
86 866 138 891 exaudi·

52 899 101 925 tioucna
117 909 139 926 111-

52 935 110 960 cessaria.

72 1628 109 1653 blcus
118 1628 136 1654 illi

47 1670 85 1688 vacet
97 1672 135 1697 quam

48 1705 82 1723 oras.

164 185 197 210 rao
359 174 385 211 Da
398 186 462 218 10111110,
476 180 490 211 et
502 174 561 225 uigilia
574 174 696 212 ruorrarhoraur.

162 265 178 291 et
192 265 279 303 pugnator
294 265 319 290 est
334 253 393 301 fortis,
408 255 530 301 infirmiorem,
544 266 561 292 et
574 264 675 303 torpentem
689 268 697 291 a
711 255 806 292 deuotione
820 253 891 290 fratrem

162 315 230 360 excitet,
245 327 322 363 eumque
336 326 372 351 tam
385 315 512 363 ver·his,quatn
526 314 611 363 exetnplis
625 314 646 350 ad
660 324 740 350 sanctum
755 313 843 350 feruorem
858 314 892 360 spi-

162 373 203 409 111115
217 386 249 421 pro
263 373 331 410 uiribus
345 373 435 411 reformet.
450 373 486 416 Qui
500 373 595 422 spiritualis
613 384 639 409 est
656 374 702 410 inter
713 366 757 418 105,
772 372 891 409 inordinatum

162 431 232 469 fratrem
247 447 299 471 suum
313 446 349 471 non
363 433 454 482 despiciat,
467 432 497 469 sed
511 446 541 481 per
555 432 642 470 humilem
657 433 798 471 admonitionem
812 445 892 481 111111110-

161 491 195 527 tius
209 494 230 529 ad
243 494 314 542 pietatis
328 493 407 530 studium
423 492 500 529 reducat.
518 493 565 529 Dicit
579 493 627 529 enim
645 493 738 542 scriptura.
756 492 806 529 Alter
820 492 891 529 alterius

161 564 214 588 onera
228 563 305 600 portate,
321 564 338 589 et
351 554 376 589 sic
390 551 506 600 adimpiebitis
520 552 578 601 legem
588 551 661 589 Christi.
675 553 776 596 Enimvero,
790 552 804 588 si
818 565 891 589 consen·

161 612 225 649 tientes
235 615 252 649 in
266 613 342 649 fraterna
356 612 450 649 dilectione
460 611 566 648 adinvicem
580 612 673 660 perfidem
687 613 726 649 lesu
741 611 807 648 Christi
820 622 891 659 semper

161 672 252 709 unanimes
266 672 343 718 fueritis,
355 671 474 708 adversarium
488 680 567 708 uestrum
581 670 671 709 diabolum
685 672 735 709 facile
745 672 782 708 sine
791 670 844 707 dubio
854 671 891 707 uin·
917 668 919 673 ’

161 731 209 767 cetis.
224 731 269 767 Nam
280 729 309 767 ubi
323 743 365 767 uera
378 730 454 767 charitas
468 729 533 767 Christi
547 730 646 767 habitantes
660 733 678 768 in
692 729 779 768 coenobio
792 730 890 767 monachos

161 789 202 825 facit
215 791 314 835 unanimes,
327 788 351 826 ibi
364 780 413 826 Deus
427 791 444 826 in
458 790 507 826 0111111
520 790 612 827 sanctitate
626 790 696 834 colitur,
708 789 732 827 ibi
744 799 846 826 sanctorum
861 802 890 826 an-

160 849 240 900 gelorum
254 851 353 898 praesentia
370 849 462 886 invisibilis
477 863 514 886 esse
528 850 609 893 creditur,
619 863 650 898 per
664 863 709 899 quos
723 849 842 899 malignorum
856 849 890 897 spi-

159 908 224 944 rituum
245 909 337 945 temeritas
358 908 462 945 refrenatur.
482 908 501 944 ln
518 908 547 945 tali
566 909 704 957 congregatione
723 917 826 945 sanctorum
841 908 890 943 Deus

159 967 231 1011 habitat,
245 981 298 1017 quem
313 968 393 1005 caelestis
408 969 458 1018 regni
472 970 558 1005 exercitus
568 982 602 1006 uua
613 982 654 1005 cum
667 968 780 1017 psallentium
793 968 890 1005 monacho-

159 1041 198 1064 rum
212 1027 285 1065 vocibus
299 1028 394 1066 collaudat.
410 1028 502 1065 Paradisus
516 1038 542 1065 est
555 1029 658 1066 deliciarum
675 1028 778 1066 coelestium
793 1027 889 1064 multitudo
919 1075 920 1078 Ἴ

159 1088 176 1123 in
185 1087 218 1123 Dei
228 1100 289 1125 amore
302 1087 411 1124 ferventium
424 1088 560 1125 monachorum.
574 1088 642 1125 Ciuitas
656 1087 769 1125 multitudine
783 1096 844 1124 ornata
852 1097 889 1123 tur-

159 1146 204 1181 rium
220 1147 336 1195 congregatio
350 1156 377 1182 151
393 1145 471 1194 idipsum
486 1146 503 1182 in
518 1147 598 1184 Domino
618 1137 733 1183 sentientium
753 1145 889 1182 monachorum.

158 1205 235 1254 Vigilate
245 1206 307 1242 fratres
317 1207 358 1249 mei,
366 1218 436 1255 precor,
445 1205 516 1255 vigilate
525 1207 543 1242 in
553 1205 663 1243 orationibus
672 1207 743 1251 sanctis,
754 1214 771 1241 et
781 1218 802 1242 eo
812 1206 889 1241 maxime

158 1273 238 1313 tempore
251 1264 399 1311 somnolentiam,
408 1275 425 1301 et
437 1265 501 1301 mentis
510 1276 602 1314 torporem
616 1266 699 1311 excutite,
709 1264 779 1314 quando
788 1264 806 1300 in
815 1263 888 1300 ecclesia

158 1336 218 1360 coraru
231 1324 311 1361 Domino
329 1325 380 1371 511115
394 1324 415 1361 ad
431 1323 548 1372 psallendum.
565 1325 621 1370 Nam,
635 1325 649 1360 si
665 1337 724 1361 coram
738 1324 777 1360 Deo
790 1332 856 1360 stantes
869 1324 887 1359 in

157 1382 263 1429 psalmodia,
271 1382 361 1419 feruentes
371 1384 389 1420 iu
398 1383 479 1420 oratione
488 1382 562 1426 fueritis
570 1384 607 1420 eius
617 1382 743 1431 proculdubio
753 1383 827 1430 gratiam
837 1381 887 1419 uobis

157 1440 218 1477 adesse
234 1441 319 1478 sentietis.
340 1441 398 1478 Nimis
419 1442 465 1478 enim
484 1441 549 1478 alienus
567 1452 593 1479 est
610 1455 619 1478 a
637 1441 720 1479 monachi
739 1441 842 1493 proposito,
857 1441 887 1489 qui

157 1500 202 1537 inter
211 1501 298 1538 orandum
308 1500 380 1537 aliunde
390 1502 463 1550 cogitat,
474 1511 490 1537 et
499 1504 577 1538 mentem
591 1514 642 1538 suam
652 1515 687 1538 uon
697 1502 767 1546 divinis,
777 1500 807 1537 sed
817 1499 887 1536 caducis

157 1559 216 1605 rebus,
226 1560 254 1596 uel
263 1560 411 1609 occupationibus
424 1560 524 1609 agitandam
533 1570 615 1609 praestat.
629 1561 683 1606 Scitis
695 1562 749 1606 euim,
760 1559 802 1608 quid
815 1569 886 1597 sanctus

157 1619 248 1655 institutor
261 1629 323 1656 noster
336 1619 443 1656 Benedictus
457 1619 503 1656 dicat
516 1620 534 1655 in
543 1618 610 1668 regula.
620 1619 638 1656 Si
648 1633 689 1655 cum
702 1617 809 1665 hominibus
823 1619 886 1667 inquit,

157 1678 259 1724 potentibus
273 1678 357 1715 uolumus
371 1678 429 1728 aliqua
442 1692 542 1728 suggerere,
555 1692 591 1716 uon
605 1680 741 1728 praesumimus,
753 1679 787 1715 nisi
800 1691 839 1714 cum
854 1678 886 1714 hu-

157 1737 240 1784 militate,
254 1748 271 1774 et
284 1738 395 1784 reverentia,
410 1747 476 1788 quanto
489 1739 544 1788 magis
558 1739 639 1776 Domino
653 1739 692 1775 Deo
708 1739 832 1775 uniuersorum
845 1751 885 1774 cum

155 1798 205 1833 omni
218 1797 329 1840 humilitate,
344 1797 361 1834 et
375 1797 455 1846 puritatis
467 1797 567 1848 ¹deuotione
584 1797 721 1846 supplicandum
736 1798 773 1834 est?
787 1808 804 1834 et
817 1810 852 1834 non
867 1798 885 1834 in

155 1855 276 1905 multiloquio,
287 1856 318 1893 sed
331 1857 349 1892 in
364 1858 439 1905 puritate
453 1856 515 1901 cordis,
525 1866 542 1894 et
555 1858 694 1905 compunctione
707 1852 838 1904 lachrymarum
851 1870 884 1894 nos

154 1913 233 1950 exaudiri
247 1916 329 1951 sciamus.
345 1915 437 1959 Quoniam
450 1928 492 1952 vero
506 1915 557 1952 nobis
569 1914 685 1963 psallentibus
698 1916 756 1952 Deum
770 1914 834 1963 ubique
848 1928 884 1952 cre-

154 1972 212 2009 dimus
226 1986 264 2010 esse
278 1984 395 2023 praesentem,
406 1987 469 2022 magna
480 1975 497 2011 in
507 1975 586 2012 oratione
600 1975 699 2010 reverentia
709 1986 753 2022 opus
763 1984 794 2019 est,
804 1983 823 2009 ut
832 1987 883 2010 mens

153 2042 213 2069 nostra
220 2034 260 2070 voci
269 2045 301 2082 per
311 2034 371 2069 onmia
381 2033 482 2071 concordet.
492 2033 597 2082 Cogitemus
606 2046 656 2081 ergo,
664 2032 732 2077 fratres,
742 2034 770 2069 cui
778 2033 884 2079 assistimus,

153 2102 170 2127 et
184 2092 212 2128 cui
226 2093 244 2129 iu
258 2102 355 2141 conspectu
369 2093 479 2141 Angelorum
497 2093 575 2141 psalmos
593 2092 661 2129 orando
678 2094 783 2129 recitamus:
799 2094 882 2141 quoniam

152 2151 262 2197 Monachus,
277 2152 307 2200 qui
324 2152 410 2188 orationis
425 2162 507 2199 tempore
520 2152 569 2189 vanis
590 2150 728 2201 cogitationibus
745 2164 840 2188 corsuum
854 2165 883 2189 oc·

152 2219 214 2258 cupat,
228 2211 279 2259 quasi
292 2209 358 2255 bomo,
373 2211 403 2258 qui
416 2219 474 2247 astans
488 2222 527 2247 aute
541 2224 610 2260 regem,
624 2210 653 2246 vel
668 2223 764 2255 caesarem,
778 2220 794 2246 et
808 2210 883 2259 loquens

152 2280 190 2304 cum
201 2282 223 2305 co
233 2268 296 2311 dehis,
307 2281 352 2317 quae
366 2269 388 2305 ad
401 2269 476 2305 salutem
490 2271 569 2318 corporis
583 2262 611 2305 sui
624 2269 675 2305 valde
688 2279 729 2306 511111
741 2270 844 2313 necessaria,
853 2282 882 2306 vo·

152 2337 200 2363 catus
220 2338 280 2364 autem
298 2340 308 2363 a
325 2340 377 2364 servo
394 2341 426 2365 suo
443 2341 503 2376 regem
523 2329 606 2371 dimittit,
623 2341 677 2377 seque
694 2329 715 2365 ad
731 2326 882 2365 confabulationes

151 2385 217 2430 famuli,
228 2400 288 2433 vanas,
298 2397 316 2423 et
326 2386 397 2423 inutiles
407 2389 499 2425 convertit.
510 2389 563 2435 Vere,
572 2387 637 2425 stult'us
647 2387 754 2424 iudicaretur
764 2386 783 2423 ab
793 2387 881 2431 omnibus,

150 2446 249 2496 quicunque
259 2446 294 2483 hoc
304 2445 376 2490 faceret,
387 2456 403 2482 et
413 2447 478 2484 merito
487 2448 548 2495 poenis
558 2447 648 2484 videretur
657 2447 766 2495 gravissimis
777 2448 881 2496 puniendus.

151 2503 248 2541 Monachus
262 2514 322 2541 autem
336 2505 379 2554 quid
393 2515 475 2549 rueretur,
489 2507 523 2555 qui,
536 2515 583 2543 stans
598 2518 658 2543 coram
673 2519 743 2542 summo
757 2519 798 2555 rege
812 2508 881 2544 univer-

149 2574 216 2607 sorum,
230 2573 247 2599 et
260 2564 336 2612 loquens
351 2576 391 2600 cum
406 2578 427 2601 eo
441 2564 462 2601 de
475 2564 531 2601 salute
545 2566 614 2601 animae
627 2577 680 2611 suae,
696 2564 756 2601 oculos
770 2575 841 2614 repente
855 2567 881 2603 in-

149 2622 222 2658 teriores
240 2624 328 2659 conuertit
345 2622 366 2659 ad
382 2624 508 2671 occupationes
524 2624 606 2670 inutiles,
620 2633 644 2669 et,
659 2623 739 2673 neglecta
752 2625 817 2662 aeterni
833 2625 880 2674 regis

148 2684 251 2731 praeseutia,
260 2696 313 2720 uanas
323 2682 407 2727 admittit,
417 2683 444 2720 vel
455 2685 508 2721 etiam
517 2685 625 2733 perniciosas
635 2685 652 2721 in
662 2693 740 2721 ruentem
751 2686 879 2734 cogitationes?
