1968 3023
157 131 181 166 66
352 130 378 167 De
390 130 484 179 quotidiana
497 131 583 168 certamine
596 131 698 169 irritationis.

157 207 269 255 conceditur,
282 209 331 246 nulla
348 209 446 247 securitatis
462 210 531 248 morula
545 208 664 260 pugnantibus
680 209 792 258 indulgetur,
806 209 837 248 sed
851 224 891 249 con·

156 268 240 317 grediatis
254 281 328 306 necesse
342 280 373 314 est,
387 280 500 318 superaturus
514 262 592 316 hostem,
606 271 620 307 si
634 269 705 307 fortiter
719 271 798 317 steteris,
812 280 842 308 aut
855 272 893 308 vin·

156 327 222 365 cendus
236 327 256 365 ab
271 342 298 372 eo,
308 330 378 367 simale
387 331 499 379 pugnaveris.
514 331 551 367 Hac
560 330 598 378 lege
608 328 696 366 mundum
706 330 811 367 intravimus
821 343 894 377 ornnes,

155 398 174 425 ut
187 389 283 438 pugnando
296 391 399 438 vincanrus3
412 391 444 428 laac
457 404 518 427 sumus
532 390 635 428 conditione
649 389 731 428 homines
745 389 791 434 facti,
802 400 826 434 ut,
840 403 892 440 supe-

156 449 198 485 ratis
215 448 304 487 illecebris
321 452 386 494 carnis,
400 463 449 499 pares
466 450 533 499 angelis
551 450 615 486 sanctis
632 449 706 487 evadere
724 448 827 486 debeamus.
841 450 891 487 Nun-

156 521 209 558 quan]
219 509 283 547 desunt
293 511 385 547 monacbis
399 511 499 553 certamina,
513 511 603 559 quoniam,
613 509 692 559 quandiu
702 523 795 547 versamur
804 510 821 547 in
832 523 890 556 carne,

155 569 284 607 tentationibus
297 571 397 607 necessario
414 583 475 607 sumus
493 570 575 618 expositi.
588 570 637 606 Dicit
651 570 698 607 enim
712 570 810 618 scriptura:
824 569 892 607 Multae

155 627 279 666 tribulationes
292 629 392 674 iustorum,
408 638 424 665 et
442 629 463 666 de
480 628 562 665 omnibus
576 629 602 665 his
616 627 697 665 liberabit
714 642 744 666 eos
761 629 857 666 Dominus¹
872 630 891 665 In

155 686 238 726 omnibus
252 697 312 725 autem
326 687 452 725 tentationibus
466 689 531 725 nostris
545 687 588 724 illud
601 688 662 725 Esaiae
675 688 775 737 prophetae
788 688 809 725 ad
823 702 891 726 memo-

154 750 199 786 riam
208 748 271 785 sedulo
284 761 389 785 revocemus
403 748 486 786 dicentis:
501 749 537 803 Qui
547 746 627 785 ablactati
637 749 680 784 estis
689 762 699 785 a
708 748 759 792 lacte,
770 750 799 797 qui
809 747 890 785 abstracti

154 809 175 846 ab
189 808 248 855 ubere,
261 808 396 846 tribulationem
406 821 458 857 super
467 807 600 845 tribulationem
612 818 710 857 expectate,
720 820 770 856 spem
779 821 832 857 super
841 821 890 857 spem

154 869 212 906 adhuc
224 868 311 917 pusillum
324 877 397 917 propter
406 868 492 905 malitiam
502 867 595 911 labiorum,
606 875 682 916 propter
691 867 770 915 lingnam
785 867 889 915 malignam.

154 928 241 965 Ablactati
256 939 273 965 et
286 926 367 965 abstracti
385 926 405 963 ad
423 927 476 964 ubere
494 938 535 964 sunt
548 927 581 963 viri
595 936 653 964 aetate
666 927 757 975 provecti,
772 939 849 976 quorum
865 937 891 964 est
919 943 922 948 ·

127 1004 129 1006 ·
154 986 288 1024 tribulationem
302 999 355 1035 super
372 986 506 1023 tribulationem
524 996 596 1035 propter
612 987 671 1023 Deum
690 986 790 1034 suscipere,
804 995 823 1021 ut
837 999 890 1036 super

72 1347 102 1374 Act.
113 1355 132 1380 14.

63 1471 103 1497 Deut-
113 1478 134 1504 13.

74 1580 131 1606 arundus

43 1614 64 1641 laic
85 1615 131 1641 fornax

44 1650 106 1684 quaedam
111 1656 131 1676 cst

43 1684 83 1711 iustis.

154 1059 205 1094 spem
218 1055 320 1083 mereantur
334 1056 428 1095 reportare,
443 1058 491 1083 sacra
505 1046 573 1083 dicente
587 1047 679 1094 scriptura.
693 1044 728 1082 Sed
738 1056 755 1082 et
763 1045 861 1094 gloriamur
871 1047 888 1082 in

154 1105 298 1143 tribulationibus
308 1108 380 1150 nostris,
389 1107 471 1152 scientes,
480 1106 529 1155 quod
541 1105 632 1143 tribulatio
647 1106 750 1153 patientiam
763 1114 853 1154 oper-atur,
863 1118 890 1154 pa-

153 1166 214 1203 tientia
228 1176 288 1203 autem
302 1165 432 1214 probationem,
445 1165 526 1214 probatio
539 1178 582 1202 vero
595 1178 652 1213 spem.
668 1165 712 1214 Spes
725 1173 785 1202 autem
799 1178 835 1202 non
848 1178 889 1203 con-

153 1223 221 1262 fundit:
235 1226 276 1274 quia
294 1225 370 1262 charitas
384 1225 417 1262 Dei
430 1224 492 1262 diffusa
507 1236 534 1262 est
550 1225 568 1261 in
585 1223 667 1261 cordibus
683 1225 749 1262 nostris
763 1238 794 1273 per
807 1225 889 1275 spiritum

153 1293 240 1328 sanctum,
250 1285 280 1333 qui
294 1285 344 1321 datus
358 1294 384 1321 est
397 1283 454 1321 nobis
467 1284 500 1320 Per
508 1284 573 1321 multas
582 1285 630 1321 eninr
639 1283 762 1321 tribulationes
772 1292 844 1332 oportet
856 1297 889 1321 nos

153 1344 219 1380 intrare
232 1344 250 1380 in
264 1356 339 1393 regnum
354 1344 392 1380 Dei.
410 1342 546 1380 Tentationibus
560 1355 628 1392 nanque
642 1342 775 1391 nobismetipsis
789 1344 888 1380 innotesci-

153 1415 203 1448 mus,
218 1413 235 1439 et
248 1403 359 1451 experimur,
373 1403 387 1438 si
401 1402 460 1439 Deum
477 1403 562 1439 veraciter
579 1403 681 1439 timeamus.
695 1403 741 1439 Hinc
755 1402 843 1439 Dominus
858 1416 889 1451 per

153 1462 228 1510 Moysen
242 1462 263 1499 ad
277 1462 363 1510 populum
377 1461 455 1510 loquitur
468 1461 537 1498 dicens:
551 1461 616 1498 Tentat
625 1474 658 1498 vos
667 1462 757 1499 Dominus
767 1463 816 1499 Deus
824 1473 888 1508 vester,

153 1530 172 1556 ut
181 1521 230 1566 sciat,
243 1521 259 1556 si
272 1519 349 1568 diligatis
363 1533 404 1557 eum
419 1520 439 1557 de
452 1529 491 1557 roto
505 1519 558 1557 corde
572 1530 637 1563 vestro,
648 1530 665 1557 et
674 1520 695 1557 de
705 1530 743 1557 tota
753 1520 811 1557 anima
824 1529 887 1558 vestra.

152 1578 230 1616 Mundus
244 1580 282 1624 iste,
296 1579 359 1616 fratres
373 1580 478 1624 charissimi,
493 1580 560 1617 fornaci
574 1580 704 1629 comparandus
719 1589 749 1623 est,
764 1580 781 1616 in
795 1592 829 1629 qua
843 1592 887 1617 con·
917 1589 919 1591 '

151 1639 200 1676 tinue
213 1639 263 1676 ardet
277 1640 322 1687 ignis
336 1640 445 1685 tentationis,
456 1648 472 1676 et
482 1638 598 1686 adversitatis,
612 1652 643 1688 per
656 1653 709 1688 quam
724 1640 823 1676 necessario
836 1639 888 1676 nobis

151 1707 177 1735 est
190 1698 325 1736 transeundum
339 1699 358 1736 In
372 1700 404 1734 hac
417 1699 489 1736 fornace
502 1698 621 1736 tribulationis
635 1698 684 1746 palea
698 1698 815 1744 comburitur,
825 1711 887 1735 aurum

150 1770 192 1795 vero
207 1767 224 1794 et
237 1767 332 1807 argentum
346 1757 366 1795 ab
380 1759 429 1795 omni
442 1757 511 1794 macula
525 1768 632 1807 purgantur,
646 1758 698 1795 Palea
712 1760 729 1795 in
743 1758 820 1796 cinerem
834 1759 887 1795 verti-

149 1827 184 1861 tur,
198 1830 261 1853 autum
275 1816 296 1853 ad
310 1828 392 1855 ornatum
411 1827 427 1854 et
444 1817 526 1854 decorem
539 1818 602 1866 regalis
616 1818 675 1866 palatii
689 1826 795 1855 reservatur.
809 1818 885 1863 Fornax,

149 1877 230 1925 inquam,
241 1886 267 1913 est
276 1876 361 1922 mundus,
376 1877 422 1925 ignis
431 1877 512 1921 tentatio,
522 1878 559 1913 sive
568 1875 663 1920 tribulatio,
674 1890 736 1914 aurunt
746 1877 829 1913 homines
839 1877 886 1920 iusti,

149 1935 200 1983 palea
213 1947 257 1971 vero
271 1934 341 1978 iniusti,
357 1946 373 1972 et
386 1945 498 1983 peccatores:
513 1934 584 1979 artifex,
599 1937 628 1985 qui
643 1945 706 1984 purgat
720 1948 793 1981 aurum,
807 1935 845 1983 ipse
860 1938 886 1972 est

149 1993 271 2042 Omnipotens
284 1993 340 2039 Deus,
352 1994 381 2043 qui
394 1995 459 2030 nostris
473 1992 582 2042 profectibus
592 1993 671 2037 favet,=et
685 1994 706 2031 ad
719 1995 790 2031 virtutis
801 1995 885 2031 meritum

124 2045 126 2048 Α
149 2062 256 2102 cooperatur
264 2064 296 2101 per
305 2052 386 2101 gratiam.
401 2052 455 2096 Quod
464 2064 506 2101 ergo
515 2053 552 2089 vult
562 2053 615 2097 Deus,
626 2052 723 2098 faciamus;
738 2053 786 2102 quod
800 2054 884 2102 imponit,

48 2598 96 2625 Eccles.
106 2606 126 2633 27.

147 2112 235 2159 patienter
248 2123 281 2158 pro
295 2110 332 2146 eius
346 2123 407 2147 amore
423 2110 528 2158 toleremus,
542 2112 635 2160 quoniam,
649 2121 668 2148 ut
686 2125 734 2149 sacer
753 2111 885 2160 Christophilus

149 2171 211 2219 inquit,
225 2171 266 2207 Non
280 2180 321 2207 sunt
335 2170 434 2219 condignae
443 2172 532 2218 passiones
542 2170 594 2207 buius
603 2172 689 2219 temporis
703 2171 724 2208 ad
737 2180 885 2220 superventuram

148 2230 231 2278 gloriam,
246 2242 292 2279 quae
304 2229 411 2266 revelabitur
423 2230 441 2266 in
454 2228 511 2266 nobis.
524 2230 570 2266 Hinc
579 2241 650 2267 sanctus
659 2230 780 2279 Hieronymus
794 2231 825 2268 ait:
839 2232 885 2276 Quis

147 2301 184 2326 non
197 2288 278 2325 tribulari
291 2287 339 2333 velit,
350 2288 388 2338 quis
402 2301 420 2324 se
434 2288 515 2325 maledici
528 2301 564 2325 non
578 2288 672 2335 desideret,
688 2299 707 2325 ut
720 2289 809 2326 mer'eatur
819 2289 885 2327 Christi

147 2361 193 2385 voce
201 2347 274 2393 laudari,
285 2357 302 2384 et
311 2347 390 2393 coelesti,
400 2348 506 2396 copiosaque
520 2347 601 2384 mercede
615 2349 716 2385 nmnerari?
729 2348 803 2385 Utinam
813 2358 885 2397 propter

147 2407 220 2444 Domini
234 2408 270 2444 mei
284 2420 355 2451 nomen,
366 2416 418 2456 atque
431 2407 523 2453 iustitiam,
533 2415 594 2443 cuncta
608 2405 705 2444 infidelium
720 2406 770 2444 turba
783 2420 812 2444 me
825 2420 885 2456 perse-

147 2477 216 2515 quatur,
226 2478 243 2503 et
253 2466 332 2504 tribulet.
346 2467 419 2504 Utinam
433 2468 450 2503 in
464 2465 580 2515 opprobrium
590 2479 650 2502 meum
660 2471 708 2503 totus
718 2467 746 2503 hic
754 2467 831 2504 mundus
843 2481 885 2504 con-

147 2536 218 2574 surgat,
231 2535 301 2563 tantum
315 2536 334 2562 ut
348 2539 416 2563 merear
432 2540 440 2563 a
460 2525 531 2563 Christo
546 2525 623 2571 laudari,
638 2535 655 2562 et
672 2526 693 2562 ad
711 2539 753 2563 suae
767 2527 884 2575 pollicitatio·
935 2521 936 2525 ¹

147 2585 174 2620 nis
188 2597 282 2633 properare
297 2586 403 2623 mercedem.
418 2586 439 2623 Et
456 2586 525 2634 sapiens
543 2585 560 2621 in
579 2584 699 2623 ecclesiastico
713 2586 760 2624 dicit.
775 2587 821 2624 Vasa
835 2585 884 2635 figuli

146 2643 210 2691 probat
223 2643 292 2689 fornax,
308 2653 325 2681 et
339 2645 421 2682 homines
430 2646 487 2682 iustos
500 2643 575 2681 tentatio
588 2643 713 2683 tribulationis,
728 2645 815 2695 Quisquis
829 2646 884 2694 igitur
