1968 3023
155 164 177 201 32
313 156 339 193 De
351 157 448 205 quotidiana
461 159 632 198 renovandanam
642 163 727 211 propositi.

155 246 207 283 quam
224 247 285 272 sumus
302 238 353 281 caeci,
370 238 432 276 oculos
449 247 529 277 tenentes
547 252 624 290 apertos,
640 256 693 292 quam
710 242 792 281 obliviosi
809 246 885 283 viatores

154 307 220 339 sumus,
231 304 248 332 et
261 294 334 341 desides,
345 298 375 346 qui
388 311 421 335 nos
435 308 483 336 certo
493 300 558 336 certius
567 301 652 339 novimus
666 315 704 339 esse
716 304 819 351 morituros,
833 315 849 342 et
862 306 886 343 ita

155 355 173 391 in
185 355 262 392 vanitate
275 358 371 404 praesentis
380 359 426 394 vitae
436 358 548 406 confidimus,
558 374 578 398 ac
591 361 606 397 si
619 374 655 399 non
664 375 743 400 essemus
753 364 843 403 mortales.
852 365 886 403 Sed

155 414 194 463 quis
204 424 229 451 est
238 415 301 463 lromo,
315 417 344 466 qui
358 417 410 462 vivet,
425 426 442 454 et
455 430 492 455 uon
504 418 572 456 videbit
585 431 672 467 mortem,
682 431 731 459 eruet
745 423 822 461 animam
835 437 885 462 suam

156 472 177 509 de
190 487 243 511 uranu
257 473 319 513 inferi?
332 475 377 513 Ecce
390 477 413 513 ait
427 477 520 526 scriptura,
530 492 593 516 omnes
607 481 702 525 morimur,
714 491 731 518 et
744 483 794 531 quasi
803 496 847 532 aqua
861 482 886 520 di-

155 531 231 570 labimur
244 547 296 582 super
312 545 383 573 terram.
396 535 465 574 Idcirco
482 549 573 574 memores
591 547 648 576 estote
665 539 727 577 fratres
745 542 787 586 mei,
802 542 885 591 quoniam

156 605 204 629 mors
217 606 253 631 non
266 594 327 639 tardat,
341 606 358 631 et
371 594 424 633 breve
438 595 571 645 computabitur
589 610 649 646 omne,
662 599 709 649 quod
726 602 823 649 praeteriit,
837 602 885 651 quia,

155 663 175 689 ut
188 663 257 690 sanctus
267 653 290 690 ait
299 653 432 703 Christopnrlus
442 656 513 700 Paulus,
523 666 609 694 statutum
619 668 645 695 est
654 659 756 697 horninibus
766 661 821 699 semel
834 662 886 709 mori,

156 725 209 762 quam
222 713 280 761 legem
294 714 402 751 necessitatis
417 727 533 752 corrrtnunem
547 724 601 754 nemo
615 719 680 765 poterit
698 718 825 768 subterfugere.
841 721 858 758 O
872 723 886 758 si

156 786 203 809 nunc
215 783 299 811 venturae
308 774 371 811 mortis
383 774 453 819 horam,
463 789 515 825 quarn
525 777 648 826 unusquisque
656 787 738 816 nostrum
747 781 845 818 necessario
858 794 887 818 su-

156 832 198 869 bibit
207 834 225 870 in
234 832 288 880 brevi,
298 833 376 883 quotidie
386 846 426 871 ante
436 836 501 873 mentis
512 837 596 874 intuitum
607 850 719 885 poneremus,
729 839 822 890 taliterque
831 841 885 879 vitam

157 893 296 941 disponeremus,
309 904 326 931 et
339 907 404 939 mores,
418 908 453 944 quo
467 908 538 944 semper
556 897 677 934 inveniremur
690 899 752 946 parari,
767 912 820 948 quarn
837 899 886 947 felir,

157 962 173 990 et
187 962 224 990 tuta
237 953 274 990 fieri
291 963 350 1003 posset
367 955 461 1003 emigratio
478 964 544 992 nostra.
558 956 623 994 Nonne
636 967 652 994 et
666 970 696 994 ren
710 959 794 1002 virorum,
809 968 826 996 et
839 972 886 996 mor-

156 1022 229 1049 tuorum
243 1013 280 1060 ipse
293 1013 374 1050 Christus
383 1014 472 1052 Dominus
482 1024 543 1052 noster
556 1015 578 1052 ad
592 1026 669 1053 mortem
686 1029 719 1054 nos
737 1030 807 1065 semper
825 1017 885 1056 volens

157 1084 195 1108 esse
213 1081 291 1121 paratos,
309 1073 327 1109 in
344 1072 408 1110 Sancto
426 1064 523 1123 Evangelio
541 1076 654 1124 praemonuit
670 1075 738 1114 dicens:
756 1076 803 1121 Ideo,
821 1088 838 1114 et
854 1090 887 1115 vos

156 1139 213 1168 estote
222 1131 284 1180 parati,
294 1132 340 1181 quia,
350 1145 384 1180 qua
393 1132 437 1169 hora
447 1145 483 1170 non
492 1132 582 1182 putabitis,
591 1134 645 1171 Filius
659 1135 737 1172 hominis
746 1136 815 1174 veniet?
827 1137 888 1181 Quan-

157 1200 196 1227 tum
209 1204 252 1228 veto
262 1192 318 1239 prosit
331 1190 352 1228 ad
365 1192 430 1228 mentis
440 1193 535 1240 puritatem
545 1193 627 1242 frequens
637 1194 729 1232 meditatio
740 1195 809 1239 mortis,
819 1196 887 1244 sapiens

65 1258 116 1285 nectes.
125 1266 137 1293 7.
157 1251 175 1287 in
189 1251 309 1289 ecclesiastico
322 1252 435 1299 praemonuit
444 1251 513 1290 dicens:
527 1253 547 1290 ln
561 1252 644 1290 omnibus
654 1253 736 1302 operibus
745 1255 780 1291 tuis
789 1267 888 1293 memorare

49 1294 138 1355 ῃωξᾷξζξῗξὲᾗ
157 1312 255 1348 novissima
268 1321 303 1358 tua,
317 1322 334 1348 et
347 1312 365 1348 in
378 1323 470 1349 aeternum
486 1325 523 1350 non
536 1312 622 1360 peccabis.
636 1313 700 1350 Mortis
717 1314 786 1351 futurae
804 1315 887 1364 cogitatio

49 1363 138 1424 {lsslffprissuffi
157 1371 241 1408 timorem
250 1370 326 1408 inducit:
336 1370 390 1408 timor
399 1384 442 1408 vero
452 1381 531 1409 mentem
541 1372 641 1409 necessario
651 1373 736 1418 concutit,
746 1382 763 1409 et
772 1373 821 1421 quasi
828 1373 887 1410 clavus

157 1429 222 1467 malleo
231 1429 323 1478 impulsus,
331 1442 393 1467 omnes
403 1430 459 1466 carrris
469 1441 529 1467 motus
538 1429 624 1479 superbae
634 1431 682 1480 ligno
695 1432 751 1468 crucis
760 1431 821 1481 affigit.
830 1432 888 1468 Huius

157 1489 297 1527 consideratione
310 1490 398 1538 opinionis
412 1489 492 1539 plerique
505 1489 655 1539 philosophorum
665 1490 757 1539 gentilium
769 1503 840 1528 omnem
854 1491 888 1528 viri

156 1549 240 1597 sapientis
253 1549 308 1586 vitam
321 1549 409 1598 quandam
423 1549 558 1587 meditationem
571 1550 633 1587 mortis
643 1550 745 1587 continuam
755 1564 792 1587 esse
801 1550 887 1589 dicebant.

157 1610 203 1646 Hinc
216 1618 234 1646 et
247 1618 316 1645 sanctus
329 1608 450 1657 Hieronymus
464 1608 512 1646 dicit:
521 1608 572 1646 Nihil
585 1621 640 1657 aeque
653 1609 684 1646 tibi
696 1609 776 1658 proficiet
789 1610 810 1648 ad
823 1620 888 1659 tempe·

157 1669 231 1706 rautiam
245 1668 325 1706 omniurn
334 1681 399 1712 rerum,
408 1668 455 1705 sicut
468 1669 550 1717 frequens
564 1668 656 1705 meditatio
669 1666 727 1706 brevis
741 1670 788 1706 vitae
800 1670 859 1716 huius,
871 1680 888 1707 et

157 1730 238 1773 incertae,
252 1741 296 1777 quae
310 1729 355 1765 sicut
364 1728 436 1774 folium,
447 1729 494 1777 quod
507 1739 562 1767 vento
575 1729 648 1778 rapitur,
658 1728 725 1775 defluit,
739 1738 755 1766 et
769 1730 839 1779 quando
852 1742 889 1767 non

156 1790 235 1836 timetur,
248 1789 266 1825 in
279 1799 356 1826 mortem
371 1788 422 1825 cadit.
436 1788 505 1825 idcirco
519 1799 611 1825 memento
629 1788 693 1825 mortis
710 1798 755 1832 tuae,
769 1802 821 1837 quam
838 1788 888 1826 nullo

158 1847 232 1884 consilio
246 1857 304 1895 potest
317 1846 398 1893 evadere,
413 1858 431 1883 et
444 1860 507 1884 omnes
516 1857 577 1884 motus
591 1848 647 1884 caruis
657 1846 708 1884 facile
719 1848 785 1896 poteris
799 1860 887 1896 superare.

157 1907 203 1944 Nam
217 1907 247 1956 qui
260 1920 278 1943 se
292 1906 371 1955 quotidie
384 1907 450 1956 cogitat
463 1907 578 1953 moriturum,
588 1906 687 1954 praesentia
700 1906 780 1955 despicit,
792 1916 808 1944 et
821 1920 845 1951 se,
854 1907 888 1944 nisi

157 1966 232 2014 desipiat
245 1967 320 2014 penitus,
330 1965 351 2003 ad
364 1965 423 2003 fertura
435 1964 551 2015 praeparabit.
561 1966 602 2003 Scio
615 1967 670 2012 eninr,
685 1976 702 2002 et
715 1966 778 2014 partim
791 1978 820 2003 me
833 1965 889 2003 fateor

157 2036 256 2074 expertum,
266 2026 313 2074 quod
322 2025 386 2062 mentis
395 2025 482 2062 humanae
492 2025 575 2062 voluntas
588 2025 607 2061 in
620 2035 681 2061 sancto
690 2025 737 2061 vitae
746 2024 841 2072 spiritualis
854 2024 888 2062 fet-

157 2098 200 2122 vore
209 2085 239 2122 diu
248 2084 342 2121 uuiformis
351 2097 386 2121 non
396 2093 455 2132 potest
466 2084 571 2129 consistere,
582 2092 598 2120 et
608 2092 702 2132 propterea
711 2083 817 2120 memoriam
826 2084 889 2121 rnortis

156 2143 207 2182 vobis
221 2155 261 2181 ante
274 2144 335 2181 oculos
349 2142 414 2191 placuit
427 2144 497 2192 saepius
511 2155 600 2185 revocare,
614 2152 706 2190 quatenus,
720 2141 761 2178 dum
778 2154 828 2180 mens
841 2141 889 2179 futu-

157 2219 218 2243 rorum
232 2206 297 2242 timore
315 2206 426 2251 concutitur,
435 2205 491 2241 sancti
508 2204 568 2242 fervor
585 2204 672 2252 propositi
690 2204 769 2252 quotidie
786 2214 888 2243 renovetur,

157 2267 234 2303 Animus
244 2266 308 2303 etenim
318 2265 406 2302 humanus
416 2264 509 2314 colligatus
523 2276 556 2312 pro
570 2264 656 2300 exercitio
665 2264 693 2299 sui
706 2263 727 2300 ad
741 2275 805 2311 corpus
814 2264 889 2300 nimium

158 2335 183 2364 est
196 2325 259 2369 fluxus,
273 2334 289 2361 et
303 2324 395 2371 instabilis,
409 2335 426 2361 et
438 2337 486 2361 nurse
503 2323 524 2360 ad
541 2323 585 2360 illud
599 2324 672 2370 rapitur,
685 2335 732 2359 nuuc
744 2334 787 2359 vero
805 2322 826 2359 ad
841 2322 889 2360 aliud

158 2395 245 2422 movetur.
259 2382 355 2433 Propterea
373 2384 414 2421 dicit
430 2385 448 2420 in
461 2382 562 2421 Proverbiis
576 2383 610 2419 Dei
623 2382 708 2431 sapientia
724 2394 755 2430 per
768 2381 888 2420 Salomonem:
920 2431 921 2435 Ἰ

159 2443 223 2482 Praebe
236 2444 261 2481 fili
274 2445 298 2480 mi
311 2457 341 2481 cor
354 2453 406 2480 tuum
419 2443 469 2488 milti,
480 2454 496 2481 et
510 2443 558 2480 oculi
567 2443 593 2479 tui
607 2442 644 2478 vias
658 2444 712 2477 meas·
721 2440 826 2478 custodiant.
835 2441 862 2477 Ac
875 2442 890 2478 si

159 2504 210 2542 dicat:
223 2505 262 2542 Nisi
275 2513 333 2541 totum
349 2516 429 2541 amorem
443 2503 501 2540 cordis
515 2493 630 2539 tui'Divime
643 2501 738 2548 sapientiae
755 2500 889 2548 mancipaveris,

158 2576 247 2611 nuirquam
261 2563 279 2599 in
292 2562 372 2599 custodia
385 2562 511 2609 111-1111101111]
520 2561 595 2599 Domini
607 2560 678 2604 stabilis,
691 2570 708 2596 et
722 2559 836 2597 confirmatus
849 2560 889 2598 etis.

159 2623 208 2660 Sicut
221 2623 268 2659 enim
282 2634 311 2658 cor
325 2622 403 2670 primum
412 2631 439 2657 est
453 2621 561 2670 principium
571 2631 631 2657 rnotus
644 2620 662 2657 in
676 2619 754 2664 homine,
765 2619 787 2655 ita
796 2620 853 2655 rmtior
864 2628 890 2655 est

159 2681 206 2719 illius
219 2694 251 2731 pro
265 2681 310 2718 vitae
324 2681 459 2718 conservatione
473 2680 564 2728 custodia3
577 2681 663 2729 quoniam
676 2679 691 2715 si
704 2677 808 2717 morborum
818 2678 889 2717 incursu
