1968 3023
388 136 466 175 Homiiia
478 135 506 175 Vl.
791 146 812 185 41

81 218 167 257 cissitudo
180 228 258 256 mentem
267 216 344 262 alleviat¹
355 216 402 254 ultra
411 217 458 255 vires
469 216 594 266 corpusculum
604 228 640 254 non
649 226 739 266 gravetur.
749 215 817 253 Habeat

80 279 133 329 igitur
146 279 209 317 horam
222 291 273 316 suam
287 279 425 316 convenientem
438 277 498 314 studio
508 275 607 314 divinarum
616 276 669 314 lectio
679 277 815 325 scripturatum,

80 352 124 388 quae
138 352 180 376 cum
192 338 266 376 senserit
284 337 387 375 devotionis
404 336 465 374 adesse
482 335 599 380 desiderium,
617 349 660 373 ntor
678 336 696 372 in
714 336 815 372 orationem

31 444 32 447 Ἰ
80 397 165 436 fervidam
179 407 307 444 commutetur,
320 396 410 434 Manualis
419 406 478 434 autem
488 395 544 442 labor,
555 397 584 445 qui
593 395 682 435 monacho
696 396 815 433 commoranti

80 456 111 495 sub
124 458 250 508 tranquillitate
263 455 365 495 solitudinis
379 456 470 502 indicitur,
485 456 532 494 utilis
548 466 573 494 est
586 454 644 502 valde,
653 468 674 493 ne
685 455 784 504 perniciosa
798 456 816 491 in

80 527 140 555 mente
153 517 235 566 tepiditas
249 517 322 555 oriatur.
331 517 379 555 Nam
389 517 443 554 lectio
453 526 554 554 sanctarum
563 517 691 565 scripturarum
701 515 723 552 ad
731 515 765 553 Dei
775 515 816 552 cha-

80 576 151 613 ritatem
164 577 271 614 monachum
286 577 360 623 excitat3
378 576 471 614 meditatio
487 587 547 613 autem
564 575 651 624 passionis
669 574 778 618 dominicae,
796 586 816 611 ac

80 634 206 674 beneficiorum
219 637 253 673 Dei
266 646 345 673 mentem
360 635 381 672 ad
394 635 483 673 fervorem
496 635 562 673 amoris
575 634 696 673 ardentissimi
709 633 815 681 inflammat;

81 695 139 733 oratio
151 707 193 732 vero
206 694 298 732 infirmum
312 695 393 733 aninumr
407 694 507 742 confirmat,
522 704 539 732 et
552 694 638 732 manualis
651 693 702 732 labor
717 702 816 743 temperate

81 754 192 791 continuatus
205 766 215 790 a
228 763 311 802 torpore,
328 763 345 791 et
358 754 418 791 taedio
432 763 530 794 conservat,
544 754 589 792 Cum
606 766 677 791 oramus
694 754 787 801 instanter,
801 762 818 790 et

80 812 150 860 devote,
163 826 203 850 cum
212 813 251 851 Deo
260 821 322 851 nostro
333 812 399 862 ubique
408 822 500 861 praesente
509 813 608 863 loquimur:
618 812 660 850 dum
669 825 712 850 vero
723 814 740 850 in
750 812 816 850 sanctis

81 873 172 921 scripturis
185 871 267 921 legimus,
282 870 324 921 qnid
338 871 390 908 nobis
404 873 428 908 sit
441 871 564 920 appetendum,
574 881 604 909 aut
618 872 730 921 fugiendum,
741 871 762 908 ab
776 872 816 923 ipsp

81 933 159 969 Domino
177 932 279 969 edocemur.
293 931 362 976 Oratio,
376 932 391 968 si
409 931 463 968 fuerit
476 931 539 969 ardens
552 932 570 968 in
587 932 621 969 Dei
634 944 700 978 artiore,
714 942 793 968 mentem
807 945 817 968 a

81 991 162 1040 peccatis,
176 999 193 1027 et
206 990 253 1026 vitiis
267 989 360 1039 purificat3
373 989 428 1026 lectio
441 999 500 1026 autem
514 990 591 1036 instruit,
609 999 625 1026 et
642 989 737 1034 informat,
755 1001 817 1028 sancto

81 1051 150 1088 dicente
163 1050 239 1088 isidoro:
253 1049 378 1094 Orationibus,
392 1050 456 1099 inquit,
465 1050 579 1088 inundantur:
589 1049 696 1087 lectionibus
704 1051 817 1089 instruimur.

82 1110 173 1159 Utrunque
187 1108 253 1146 bonum
268 1118 302 1155 est,
317 1109 332 1146 si
345 1109 398 1147 licet:
411 1110 426 1145 si
438 1121 475 1146 non
488 1109 529 1146 licet
538 1119 632 1159 utrunque,
642 1110 706 1147 melius
720 1118 747 1147 est
760 1123 817 1155 orare,

82 1182 135 1219 quam
149 1168 213 1218 legere.
227 1168 328 1205 Monachus
343 1181 391 1218 ergo,
406 1168 617 1218 qai·tempussuu1nin
632 1167 675 1205 cella
685 1169 733 1217 cupit
742 1168 816 1216 utiliter,

82 1237 99 1264 et
112 1227 203 1264 fructuose
217 1227 322 1275 expendere,
335 1227 363 1264 his
377 1227 442 1276 iugiter
455 1227 543 1264 exercitiis
552 1240 583 1277 per
591 1228 638 1265 vices
647 1228 718 1266 studeat
731 1237 817 1274 mentem,

82 1297 99 1324 et
117 1300 181 1336 corpus
199 1294 297 1336 occupare:
315 1288 401 1337 quoniam
418 1288 495 1333 animus,
513 1288 543 1336 qui
559 1289 613 1325 tantis
629 1287 718 1325 laboribus
730 1288 817 1337 invigilat,

82 1348 150 1385 nullum
164 1348 251 1398 perversis
262 1347 401 1397 cogitationibus
410 1347 477 1384 aditum
488 1357 570 1397 praestat.
579 1348 625 1384 Hinc
634 1347 686 1385 divus
694 1349 817 1397 Hieronymus

82 1407 191 1445 monachum
209 1407 307 1445 admonens
327 1408 379 1445 dicit:
397 1407 472 1456 Semper
489 1406 554 1456 aliquid
567 1405 609 1445 boni
621 1406 687 1452 facito,
701 1416 721 1444 ut
736 1406 818 1445 diabolus

82 1468 159 1504 inveniat
172 1477 189 1503 te
203 1478 322 1516 occtrpatum3
336 1467 397 1504 Minus
411 1466 457 1504 enim
472 1466 551 1515 pulsatur
563 1465 649 1513 illecebris
659 1468 722 1511 carnis,
732 1468 762 1516 qui
771 1480 822 1505 setn-,

82 1524 219 1575 peroccupatus
229 1526 296 1564 utiliter
305 1526 375 1563 nullum
390 1525 468 1563 admittit
480 1526 570 1563 fastidium
584 1526 654 1563 mentis.
668 1527 764 1564 Enimvero
774 1527 816 1564 dum

83 1595 143 1623 cautus
161 1586 230 1623 animae
246 1598 288 1622 suae
307 1594 367 1623 custos
385 1585 484 1622 monachus
502 1586 576 1635 quisque
593 1584 613 1622 ab
632 1586 684 1623 maius
701 1585 744 1623 boni
758 1587 818 1635 operis

82 1646 166 1683 exercitio
180 1646 198 1682 in
211 1645 258 1682 aliud
273 1658 313 1682 cum
322 1644 416 1684 ,desiderio
430 1644 505 1682 fervoris
518 1646 574 1682 sancti
591 1659 622 1694 per
635 1646 777 1683 vicissitudinem
791 1659 818 1683 ra·

83 1706 139 1753 pitur,
156 1704 177 1742 ad
195 1705 315 1742 constantiam
332 1705 414 1741 omnium
433 1705 519 1741 virtutum
535 1704 638 1751 roboratur,
657 1714 674 1741 et
691 1714 741 1742 tanto
758 1706 818 1742 minus

82 1763 159 1801 taedium
174 1763 241 1810 incidit,
255 1774 322 1812 quanto
336 1763 394 1812 magis
407 1763 471 1800 variari
484 1762 569 1810 studium,
579 1773 596 1801 et
609 1764 681 1801 alternis
695 1773 757 1801 contra
770 1764 818 1802 fasti-

82 1823 132 1861 dium
142 1824 166 1859 uti
176 1824 274 1860 consuevit.
285 1821 337 1860 Unde
346 1835 418 1859 rursum
428 1823 550 1871 Hieronymus
560 1824 592 1861 ait:
601 1823 706 1861 Lectionem
715 1823 817 1874 frequenter

82 1883 199 1930 interrumpat
212 1883 280 1925 oratio,
298 1891 315 1918 et
332 1882 410 1918 animant
428 1881 493 1929 iugiter
509 1881 632 1919 adhaerentem
650 1893 701 1931 grata
713 1883 818 1921 vicissitudo

83 1950 153 1978 sauctae
166 1942 274 1990 operationis
287 1941 377 1979 accendat.
387 1941 492 1985 Monachus,
502 1943 531 1991 qui
544 1955 580 1979 iton
594 1952 641 1979 amat
656 1942 710 1980 cellae
724 1953 818 1987 secretum,

82 2014 134 2038 verus
152 2000 219 2038 Christi
235 2001 287 2038 miles
303 2014 339 2038 non
357 2011 393 2039 est:
411 2001 495 2050 quoniam
509 2014 574 2038 rtotnen
592 2002 687 2048 monachi,
706 2010 724 2038 et
737 2001 818 2039 habitum
844 2018 846 2023 ¹

83 2068 142 2109 portat
154 2060 192 2096 sine
206 2058 300 2109 operibns:
315 2070 331 2096 et
345 2060 376 2108 qui
390 2059 479 2096 solitarius
495 2072 533 2096 esse
550 2072 582 2108 pro
600 2060 633 2096 Dei
651 2073 712 2097 amore
726 2059 818 2107 debuerat,

82 2129 142 2156 mente
155 2131 235 2156 reversus
249 2118 271 2155 ad
284 2120 382 2162 saeculum,
396 2119 478 2156 vastitatis
492 2119 570 2156 studium
584 2129 637 2157 amat.
651 2120 699 2156 Hinc
711 2119 762 2157 divus
771 2121 818 2169 Papa

83 2179 181 2227 Gregorius
195 2179 226 2216 ait:
241 2179 279 2223 Qui
293 2190 369 2226 corpore
382 2186 463 2216 remotus
472 2177 492 2215 ab
502 2177 603 2215 hominibus
613 2180 661 2223 vivit,
671 2179 701 2216 sed
711 2179 818 2216 tumultibus

83 2238 222 2275 conversationis
236 2237 330 2281 lnunanae,
340 2247 452 2274 terrenorum
467 2250 485 2274 se
499 2237 587 2276 desiderio
599 2239 707 2287 cogitatione
721 2240 817 2288 immergit,

83 2310 119 2334 non
134 2305 159 2334 est
176 2296 272 2342 solitarius,
286 2297 367 2345 quamvis
381 2297 398 2333 in
408 2296 503 2333 solitudine
513 2306 640 2334 commoretur.
650 2297 668 2334 Si
677 2310 719 2334 vero
729 2309 820 2346 prematur

85 2348 148 2405 aliquis
162 2355 277 2405 corporaliter
291 2354 406 2404 popularibus
419 2354 483 2393 turbis:
493 2365 510 2392 et
522 2365 582 2393 tamen
595 2356 653 2394 nullos
667 2357 775 2394 secularium
790 2371 819 2395 cn-

83 2428 142 2453 rarum
155 2414 243 2452 tumultus
258 2416 276 2452 in
290 2415 344 2453 corde
357 2416 439 2464 patiatur,
452 2427 487 2452 non
502 2416 557 2452 estin
571 2414 619 2460 urbe,
633 2417 686 2453 etiam
700 2416 715 2453 si
728 2417 746 2454 in
759 2416 820 2455 medio

83 2475 177 2513 hominum
191 2485 313 2513 conversetur.
326 2475 348 2512 Et
361 2476 396 2512 hoc
406 2485 436 2519 est,
446 2476 494 2524 quod
506 2484 565 2512 contra
575 2475 687 2513 Iovinianum
697 2487 768 2514 sanctus
778 2477 821 2515 dicit

85 2536 218 2584 Hieronymus:
231 2535 313 2585 Sapiens,
328 2535 391 2583 inquit,
404 2547 495 2584 nunquam
509 2535 557 2572 solus
571 2548 608 2572 esse
622 2545 688 2586 potest,
703 2536 760 2574 Habet
773 2538 820 2575 enirn

85 2607 145 2632 secum
160 2607 228 2641 omnes,
241 2595 272 2645 qui
288 2603 335 2639 sunt,
350 2604 366 2632 et
380 2594 410 2645 qui
423 2595 495 2632 suerunt
507 2592 558 2640 boni,
576 2604 593 2632 et
610 2596 691 2633 animum
708 2596 791 2645 liberum,
804 2608 821 2635 et

55 2660 58 2663 ⁴
86 2667 201 2707 quaecunque
213 2654 257 2701 vult,
267 2656 341 2705 profert,
351 2665 368 2693 et
377 2655 459 2693 transfert
469 2669 493 2703 se,
502 2668 608 2708 quoctmque
617 2656 699 2696 voluerit.
709 2656 765 2703 Qvod
774 2658 822 2697 enim
