1968 3023
429 194 506 233 Humilia
520 191 575 228 XXll.
657 181 659 185 ’
836 204 868 238 ,57

134 277 219 323 cordiam,
233 288 249 314 et
264 286 358 313 conseruat
372 277 418 313 inter
432 275 495 311 fratres
509 273 622 310 christianam
638 273 730 309 unitatem.
745 272 826 308 Charitas
843 280 869 307 est

133 337 210 386 genitrix
223 336 369 379 nransuetudinis,
384 345 401 372 et
415 334 501 385 generosa
515 343 572 370 mater
586 332 682 369 catholicae
698 332 773 380 pietatis.
788 331 868 369 Charitas
890 348 902 365 ι.
912 340 946 366 ma.
956 349 968 372 a.

134 396 210 433 lraterna
224 395 341 433 daemonibus
355 406 381 432 est
391 393 516 439 formidabilis,
527 393 611 442 quoniam
623 392 730 428 victoriosos
744 391 785 427 lacit
800 403 868 433 otniaeS,

133 468 209 504 qnorum
224 456 375 504 circumplectitur
384 455 450 491 utrium
460 453 524 491 cordis¹
535 453 616 490 Clmritas
626 451 714 499 extinguit
724 449 800 486 libidinis
810 450 868 486 incen-

133 515 187 561 dium,
202 525 218 551 et
232 528 303 552 omnem
319 514 452 551 multitudinem
470 514 528 561 operit
544 521 664 561 peccatorum.
679 510 758 548 Charitas
775 510 867 546 hominem

133 576 170 612 Deo
185 574 241 612 reddit
255 575 385 618 charissimum,
400 585 417 610 et
430 583 534 610 sauctorum
550 572 619 609 socium
637 570 678 607 facit
696 570 807 619 angelomum.
822 569 869 605 Cha-

132 635 173 671 ritas
188 635 205 671 in
224 635 291 671 unitate
310 644 413 671 sanctorum
430 642 523 670 conseruat
540 631 639 677 ecclesiam,
654 642 702 683 extra
720 643 773 679 quam
791 629 865 666 salutem

132 693 190 730 nullus
205 694 320 742 consequitur
333 704 429 730 aeternam.
443 693 524 729 Charitas
539 691 614 728 fraterna
632 703 692 728 mores
710 690 801 738 cortiponit
819 689 866 725 clau-

131 754 218 800 stralium,
232 764 249 790 et
262 754 322 790 Deum
336 753 414 789 habitare
428 752 470 789 facit
484 745 503 788 in
516 752 574 789 medio
584 751 720 788 ruortachorum.
731 749 812 786 Charitas
823 748 865 784 nulli

132 813 173 849 lacit
187 814 275 853 iniuriam,
290 812 321 849 sed
335 811 419 848 omnibus
433 812 521 848 ministrat
536 810 622 847 armillum
632 823 663 859 per
672 809 811 846 miserationem.
822 807 866 844 Cha-

131 873 172 908 ritas
186 873 292 908 exterminat
306 885 360 908 omne
373 871 443 914 vitium,
453 871 494 919 quia
508 870 567 907 nutrix
582 879 608 906 est
617 870 668 905 unica
679 869 760 905 omnium
773 868 865 904 uirtutum.

131 932 212 969 Charitas
226 930 341 967 fraternitatis
357 930 504 967 reformationem
519 930 536 965 in
550 930 612 977 uigore
627 939 719 965 conseruat
737 926 864 971 claustralium,

131 1001 148 1027 et
158 1003 240 1039 magnam
251 999 336 1037 operatur
349 989 425 1025 salutem
435 989 541 1025 animarum.
552 988 633 1025 Charitas
643 996 704 1023 ututua
718 985 810 1023 confirmat
824 985 865 1022 obe-

131 1050 221 1092 dientiam,
236 1060 253 1085 et
267 1049 378 1085 fructuosam
393 1048 433 1084 lacit
449 1048 545 1084 fratertiam
560 1048 696 1083 correctionem.
711 1045 791 1083 Charitas
805 1058 865 1081 ueram

131 1110 177 1145 inter
190 1108 253 1144 fratres
266 1108 322 1144 nutrit
337 1107 457 1151 concordiam,
468 1117 484 1143 et
498 1117 534 1143 tam
544 1107 639 1151 mentium,
650 1118 702 1154 quam
716 1111 813 1154 corporum
822 1104 865 1141 bene

130 1166 241 1204 redolentem
256 1177 350 1203 conservat
365 1167 470 1203 castitatem.
481 1167 561 1203 Charitas
576 1165 675 1202 monachos
685 1167 702 1201 in
712 1165 767 1202 domo
780 1165 814 1200 Dei
825 1163 865 1201 lacit

131 1238 168 1262 esse
183 1226 283 1272 unanimes,
298 1235 315 1262 et
329 1225 346 1262 in
360 1226 410 1262 omni
419 1224 467 1262 bono
481 1238 535 1273 opere
545 1223 655 1261 laudabiliter
670 1224 772 1262 concordes.
783 1223 865 1260 Charitas

130 1296 192 1321 murm
205 1285 284 1333 rigorem
297 1284 364 1322 ordinis
374 1284 451 1330 alleviat,
461 1294 477 1321 et
490 1285 557 1331 ¹onrnia,
568 1297 612 1332 quae
623 1284 671 1329 dura,
682 1293 698 1320 et
712 1296 772 1332 aspera
782 1283 865 1322 videntur

130 1344 236 1391 caritatibus,
251 1358 282 1392 per
296 1344 451 1391 consuetudinem,
466 1345 516 1393 quasi
533 1344 623 1380 leuissima
640 1343 734 1392 quaedam,
749 1344 766 1379 in
784 1353 864 1379 inituram

130 1414 235 1441 commutat.
254 1404 335 1440 Charitas
354 1403 471 1452 pulchritudo
489 1413 515 1440 est
533 1403 662 1440 monachorum
681 1403 806 1450 pulcherrimi,
820 1416 865 1450 quae

129 1464 196 1500 ctmctis
206 1473 233 1500 est
242 1461 338 1499 uirtutibus
348 1462 438 1500 adornata.
451 1462 531 1500 Charitas
541 1461 609 1508 odium,
619 1472 636 1499 et
650 1461 732 1498 inuidiam
744 1462 764 1498 de
775 1460 864 1499 coenobiis

129 1535 222 1559 seruorum
237 1523 270 1558 Dei
284 1523 354 1570 penitus
369 1523 481 1565 exterminat,
493 1521 586 1570 etreliqua
600 1522 662 1558 mortis
675 1522 747 1558 criruina
762 1521 823 1569 procul
833 1534 864 1557 sua

128 1581 228 1628 praesentia
242 1580 298 1629 fugat.
313 1580 394 1617 Charitas
408 1580 484 1617 fratrum
498 1592 523 1617 est
539 1581 611 1630 spiritus
625 1581 680 1617 sancti
694 1581 757 1617 decens
773 1578 864 1617 habitacu-

128 1639 173 1686 lum,
187 1650 204 1675 et
218 1652 291 1676 serenae
306 1641 425 1693 conscientiae
435 1639 547 1677 fortalitium.
558 1641 639 1677 Charitas
649 1650 675 1676 est
687 1641 767 1676 ministra
780 1640 863 1683 iustitiae,

129 1708 146 1735 et
158 1699 211 1749 >unica
225 1700 243 1734 in
253 1701 363 1736 monasterio
374 1700 495 1736 conservatrix
509 1700 595 1748 regularis
605 1700 714 1748 disciplinae.
724 1699 804 1736 Charitas
814 1712 863 1736 rnen-

127 1769 163 1795 tem
178 1772 187 1795 a
203 1758 306 1795 crudelitate
324 1772 382 1796 servat
399 1760 498 1805 innoxiam,
518 1771 534 1796 et
551 1759 638 1808 placidam
656 1760 723 1797 cunctis
741 1758 862 1796 subministrat

127 1819 182 1854 animi
195 1817 295 1854 lenitatem,
305 1817 385 1858 Charitas
396 1818 471 1855 fraterna
484 1819 559 1856 salutem
574 1819 642 1868 quaerit
652 1820 739 1862 omnium,
750 1829 766 1855 et
776 1831 812 1856 non
822 1819 863 1855 sinit

127 1876 222 1914 habentem
235 1891 254 1914 se
267 1887 368 1925 torpescere
383 1879 470 1914 ociosum.
483 1878 563 1915 Charitas
577 1891 613 1915 non
627 1878 723 1915 detestatur
738 1877 822 1927 inopiam,
832 1879 863 1915 sed

127 1946 187 1985 parata
198 1946 223 1973 est
234 1935 308 1973 fratrum
318 1950 379 1973 amore
388 1949 461 1973 omnem
471 1937 544 1974 sufferre
552 1948 681 1987 paupertatem.
692 1938 772 1975 Charitas
782 1949 808 1975 est
818 1951 862 1987 aqua

127 1997 207 2032 caelestis
222 1995 326 2042 dulcedinis,
341 2009 394 2045 quam
408 1996 422 2032 si
436 1997 475 2044 quis
488 1997 506 2032 in
520 1996 589 2033 fervore
603 1998 675 2045 spiritus
691 1998 747 2034 sancti
764 1999 860 2045 potaverit,

126 2055 190 2091 inferni
203 2065 308 2103 perpetuam
322 2055 370 2091 sitim
388 2067 424 2091 nort
442 2056 546 2104 expavescit.
562 2056 642 2093 Charitas
661 2057 736 2094 fraterna
755 2057 811 2093 carnis
825 2070 861 2094 non

127 2116 195 2164 quaerit
208 2114 306 2161 illecebras,
321 2114 352 2152 sed
367 2115 470 2152 affectiones
485 2116 546 2165 dirigit
559 2117 576 2153 in
593 2117 696 2164 proximum
714 2130 772 2165 puras,
786 2127 861 2163 sanctas,

126 2184 143 2209 et
157 2174 265 2222 impollutas.
280 2174 361 2210 Charitas
375 2187 440 2211 nomen
454 2174 506 2211 habet
521 2186 577 2211 castae
593 2175 736 2223 pulchritudinis,
750 2175 797 2224 quod
811 2189 860 2212 com-

126 2234 212 2269 municari
226 2246 262 2269 non
276 2243 334 2281 potest
344 2233 404 2278 rebus,
415 2233 443 2270 uel
453 2233 551 2271 actionibus
562 2235 692 2282 impurissimae
702 2235 804 2283 voluptatis.
815 2234 860 2271 Cha-

125 2293 166 2328 ritas
181 2293 276 2340 pnritatem
291 2293 354 2341 diligit,
368 2293 546 2341 atquemtmditiam,
560 2304 626 2330 ernon
641 2294 718 2330 admittit
736 2294 812 2342 aliquam
826 2295 860 2330 iru-

125 2350 233 2397 puritatem..
242 2351 323 2388 Charitas
338 2352 355 2387 in
369 2352 472 2399 operatione
482 2352 583 2389 dilectionis
593 2365 628 2389 nou
642 2365 713 2390 carnem
727 2353 803 2401 proximi
818 2365 860 2388 con-

125 2407 196 2454 siderat,
210 2409 240 2446 sed
252 2411 337 2455 animant,
348 2424 400 2458 quam
414 2411 435 2447 ad
445 2411 541 2460 imaginem
552 2412 585 2447 Dei
599 2425 634 2448 non
645 2411 712 2449 dubitat
726 2425 764 2448 esse
777 2423 859 2448 creatam.

125 2467 205 2504 Charitas
219 2467 295 2505 fratermt
310 2471 342 2517 piis
360 2469 512 2507 admonitionibus
529 2470 662 2520 delinquentem
681 2472 782 2520 proximum
801 2471 859 2519 erigit,

125 2536 142 2562 et
156 2538 219 2562 enarres
233 2528 311 2564 actiones
330 2542 370 2565 suas
387 2528 407 2566 ab
426 2531 475 2565 omni
489 2529 555 2566 mulitia
573 2543 631 2577 puras,
645 2540 662 2567 et
679 2531 759 2567 innoxias
776 2529 859 2567 costodit.

124 2586 205 2622 Charitas
219 2585 237 2621 in
250 2599 298 2633 pace,
309 2597 325 2623 et
335 2588 462 2637 tranquillitate
471 2589 535 2625 mentis
545 2588 628 2635 artibulat,
639 2599 656 2625 et
666 2603 722 2638 neque
731 2589 790 2633 verbo,
801 2602 859 2638 neque

124 2644 177 2689 lacto,
192 2656 249 2692 neque
263 2645 321 2692 signo,
331 2648 433 2694 proximum
448 2648 547 2684 contristat.
561 2647 648 2694 Charitas,
660 2659 745 2697 quantum
760 2659 825 2696 potest,
841 2661 859 2685 se

124 2704 142 2740 in
156 2703 223 2740 cunetis
237 2702 326 2750 humiliat,
338 2715 355 2741 et
370 2706 467 2743 infirmanti
477 2698 565 2754 proximo,
576 2708 625 2756 quasi
636 2708 670 2744 Dei
679 2707 715 2745 lilio
725 2708 860 2757 diligentissime
