1968 3023
411 173 487 210 Humilia
501 173 559 210 XIIII.
829 185 851 220 99

118 255 195 293 creditur
208 255 229 292 ad
242 255 336 300 iustitiam,
349 266 380 291 ore
396 262 455 290 autem
469 251 558 289 confessio
574 251 594 287 fit
607 252 629 289 ad
642 251 723 290 salutem.
738 252 789 297 Quae
803 252 852 289 Chri·

116 314 190 364 stophili¹
203 315 294 359 sententia,
310 324 326 352 et
340 315 354 351 si
371 314 392 351 de
406 313 440 351 fide
453 312 528 350 Domini
542 313 598 349 nostri
612 313 652 349 Iesu
667 311 734 350 Christi
750 313 851 361 principali-

116 382 143 410 ter
157 373 272 423 intelligenda
285 375 315 420 sit,
331 383 378 411 recte
392 372 509 410 nihilominus
523 372 545 408 ad
562 384 623 409 veram
637 372 765 421 poenitentiam
781 372 851 409 videtur

116 432 226 482 applicanda.
239 435 296 478 Nam,
310 435 347 471 siue
365 432 477 472 confessione
495 433 541 476 oris,
555 445 591 469 non
610 430 675 468 sufficit
689 431 710 468 ad
724 432 850 480 poenirentiam

116 493 154 530 solu
167 495 251 531 contritio
266 494 329 538 cordis,
344 507 364 530 ex
378 507 399 530 eo
413 492 490 529 maxime
504 501 593 540 ternpore,
613 504 648 540 quo
662 500 750 527 statutum
767 491 850 528 ecclesiae

116 551 247 590 confessionem
257 553 334 591 decrevit
343 553 460 590 necessariam
474 551 495 588 ad
505 550 587 588 salutem.
596 550 682 601 Tertium
697 551 751 599 igitur
764 550 799 587 oris
810 563 850 587 con-

116 611 170 649 fessio
185 622 210 649 est
223 613 245 650 ad
258 615 350 651 veritatem
363 613 483 662 poenitentiae
497 612 624 657 necessarium,
640 611 678 647 sine
692 623 726 659 qua
734 623 768 657 nec
785 611 851 648 contri-

115 671 140 708 tio
154 671 224 716 sufficit,
242 680 274 709 nec
288 673 417 709 emendationis
430 671 500 708 futurae
514 672 634 720 propositum.
653 670 717 714 Qualis
731 682 774 706 vero
788 668 851 707 debeat

115 743 154 767 esse
170 732 215 768 haec
228 731 310 768 salutaris
326 731 421 777 confessio,
435 730 525 768 nemiuem
539 741 618 767 vestrum
632 730 687 767 latere
704 730 747 767 scio.
761 729 806 767 Dico
821 740 849 766 ta-

115 804 163 836 meu,
179 792 221 841 quia
240 790 321 828 fortassis
335 804 370 827 non
389 791 421 827 erit
440 789 508 836 inutile,
525 790 610 839 quoniam
626 800 697 838 oportet
717 789 848 827 confessionem

115 863 154 887 esse
170 851 273 898 proprium,
284 850 377 899 integram,
391 847 470 892 liberam,
484 847 578 892 humilem,
594 858 718 897 spontaneam,
733 858 749 884 et
763 862 849 886 verecun-

115 909 163 946 dam.
177 901 225 946 Dicit
239 909 286 946 enim
300 908 369 956 praesui
383 917 453 945 sanctus
471 907 584 953 Ambrosius,
600 908 686 956 quoniam
700 908 797 956 plurimum
815 909 850 945 suf-

115 968 193 1017 fragatur
207 969 245 1006 Deo
259 967 280 1004 ad
295 963 423 1005 remittendum
436 976 508 1016 peccata
522 967 627 1004 homiuibus
641 967 742 1004 uerecunda
754 968 849 1015 confessio,

114 1038 131 1064 et
146 1041 228 1076 poenam,
243 1040 296 1076 quam
317 1028 381 1064 evitare
401 1025 504 1064 defensione
523 1039 560 1063 uon
579 1039 683 1075 possumus,
698 1026 766 1074 pudore
785 1027 848 1066 humili

81 1081 82 1084 ¹
113 1079 221 1124 relevamus.
236 1086 302 1135 Magna
321 1099 349 1122 res
367 1097 393 1122 est
407 1084 495 1134 confessio
509 1084 568 1122 debita
587 1096 712 1133 peccatorum,
727 1088 814 1135 quoniam
833 1099 849 1124 et

114 1147 191 1182 sauciam
206 1145 275 1183 delictis
290 1146 367 1182 animam
381 1144 481 1182 confitentis
497 1156 540 1181 mox
553 1142 575 1181 ad
588 1145 683 1181 sanitatem
696 1144 782 1182 reformat
799 1147 849 1194 spiri-

113 1205 187 1252 tualem,
197 1216 279 1249 merrtem,
290 1216 361 1253 quoque
374 1203 486 1240 humiliatam
495 1203 584 1248 iustificat,
595 1213 613 1240 et
622 1204 692 1241 veniam
702 1205 779 1252 peccatis
789 1205 848 1243 donat,

113 1264 181 1301 Omnis
196 1266 243 1301 eninr
257 1277 296 1313 spes
314 1273 375 1300 nostra
389 1273 429 1312 post
446 1262 515 1311 lapsum
533 1265 605 1311 peccati,
615 1264 696 1301 consistit
713 1265 731 1302 in
748 1264 849 1303 humilitate

113 1323 241 1375 confessionis,
255 1324 340 1372 quoniam
358 1322 409 1371 culpa
424 1334 460 1359 non
478 1321 580 1366 dimittitur,
598 1324 633 1360 nisi
652 1324 692 1360 Deo
708 1324 770 1361 scienti
789 1327 848 1362 omnia

113 1396 144 1431 per
157 1383 268 1421 sacerdotem
283 1384 301 1419 in
314 1381 426 1419 confessione
439 1381 532 1419 reveletur.
547 1382 567 1418 ln
581 1382 694 1420 confessione
708 1396 783 1433 namque
797 1384 847 1422 locus

113 1452 139 1479 est
154 1442 293 1486 misericordiae,
302 1443 347 1479 sicut
361 1441 444 1478 Salomon
458 1441 500 1478 dicit
513 1442 531 1478 in
545 1441 590 1479 libro
604 1442 755 1479 proverbiorum:
767 1442 804 1488 Qui
817 1443 846 1480 ab·

115 1500 186 1539 scondit
200 1501 266 1538 scelera
279 1514 315 1545 sua,
328 1513 365 1538 non
379 1500 475 1549 dirigetur:
491 1500 520 1549 qui
533 1510 594 1537 autem
608 1499 702 1537 confessus
716 1501 776 1546 fuerit,
791 1512 808 1539 et
821 1515 847 1538 re-

111 1560 183 1609 liquerit
196 1573 223 1606 ea,
234 1559 509 1608 misericordiamconsequetur.
521 1559 540 1595 In
554 1559 623 1608 psalmo
634 1573 706 1609 quoque
716 1562 801 1609 scriptum
812 1572 845 1600 est:

112 1620 159 1664 Dixi,
172 1619 271 1657 confitebor
284 1619 378 1665 adversum
392 1611 424 1656 me
434 1619 537 1655 iniustitiam
552 1632 610 1656 meam
625 1620 717 1656 Domino:
733 1631 749 1656 er
763 1630 781 1657 tu
795 1623 846 1658 remi-

111 1680 149 1716 sisti
163 1681 274 1728 impietatem
288 1681 354 1728 peccati
367 1679 409 1716 mei.
419 1679 492 1716 Sanctus
506 1679 560 1716 etiam
569 1676 683 1728 Evangelista
696 1680 771 1717 Ioannes
784 1681 803 1718 in
812 1682 846 1729 epi·

110 1739 156 1775 stola
170 1739 227 1788 prima
241 1738 294 1775 dicit:
309 1739 327 1775 Si
344 1738 460 1775 confiteamur
474 1748 545 1786 peccata
560 1748 629 1784 nostra,
644 1739 693 1775 Deus
707 1738 763 1776 fidelis
780 1750 813 1785 est,
828 1750 845 1777 et

110 1799 173 1842 iustus,
189 1808 207 1835 ut
221 1799 301 1835 remittat
318 1797 369 1834 nobis
383 1807 454 1846 peccata
472 1806 538 1841 nostra,
553 1807 570 1834 et
589 1797 692 1835 emundabit
706 1812 738 1836 nos
754 1798 775 1836 ab
795 1801 846 1837 omni

111 1856 209 1905 iniquitate.
223 1856 244 1892 Et
257 1866 328 1893 sanctus
342 1855 411 1904 praesul
424 1856 536 1905 Augustinus
551 1856 584 1893 ait:
598 1855 692 1893 Confessio
706 1865 733 1893 est
746 1856 792 1894 salus
808 1858 844 1894 ani·

111 1928 186 1959 marum,
201 1915 303 1964 dissipatrix
312 1915 403 1959 uitiorum,
413 1915 527 1951 restauratrix
541 1916 633 1959 virtutum,
646 1916 763 1964 expugnatrix
775 1916 845 1954 daemo-

110 1987 160 2019 num,
173 1984 190 2010 et
205 1974 312 2010 curnulatrix
330 1974 411 2010 omnium
427 1973 522 2010 bonorum,
536 1974 563 2011 Os
584 1974 650 2011 claudit
666 1974 736 2021 inferni,
750 1985 767 2013 et
784 1986 844 2024 portas

110 2032 192 2069 coelestis
210 2033 266 2082 aperit
283 2032 366 2069 Paradisi.
381 2032 505 2069 Cassiodorius
523 2046 594 2081 quoque
612 2034 696 2080 virtutem
717 2035 843 2072 commendans

110 2103 162 2127 uerae
175 2090 298 2135 confessionis,
313 2092 336 2127 ita
350 2089 398 2129 dicit:
413 2091 430 2128 O
443 2089 492 2128 beata
507 2090 601 2136 confessio,
612 2105 657 2141 quae
670 2093 800 2141 sempiternum
810 2094 843 2131 tol-

83 2154 84 2157 ’
110 2149 130 2187 lit
143 2149 269 2198 opprobrium,
284 2151 368 2199 quoniam
383 2150 467 2199 quicquid
480 2161 562 2188 reatuum
576 2152 663 2188 invenerit
676 2152 793 2200 poenitentia,
804 2166 842 2201 per·

109 2209 168 2257 petuis
182 2209 246 2246 seculis
255 2208 312 2246 reddit
322 2208 429 2246 absolutum.
440 2210 529 2254 Quartum
539 2210 560 2247 ad
570 2222 629 2247 veram
640 2212 769 2259 poeniteutiam
782 2225 842 2249 neces-

109 2269 176 2304 sarium
187 2267 284 2305 satisfactio
295 2273 328 2313 est,
339 2281 373 2317 qua
382 2267 463 2305 videlicet
473 2281 535 2306 omnes
547 2282 607 2306 causas
618 2280 732 2318 peccatorum
743 2272 843 2309 excidentes

109 2327 213 2372 auferimus,
228 2338 244 2365 et
262 2340 295 2376 pro
313 2328 347 2374 his,
361 2340 405 2376 quae
425 2328 549 2365 commisimus
569 2342 668 2377 perperam,
682 2331 747 2366 sanctis
761 2330 843 2378 operibus

108 2386 319 2436 Dorninumaplacamus,
333 2388 379 2424 Hinc
393 2387 448 2423 Diuus
461 2387 508 2436 Papa
521 2388 620 2437 Gregorius
634 2391 667 2426 ait:
680 2389 798 2438 Nequaquam
812 2403 842 2427 sa-

109 2445 215 2490 tisfacimus,
230 2446 245 2481 si
259 2445 279 2482 ab
293 2446 384 2494 iniquitate
399 2458 493 2491 cessatum,
507 2446 541 2482 nisi
550 2447 652 2495 voluptates
666 2460 742 2496 quoque,
757 2462 799 2497 quas
817 2449 843 2486 di·

109 2504 193 2549 leximus‚
204 2505 291 2553 oppositis
305 2519 314 2541 e
326 2506 414 2541 contrario
424 2505 505 2542 lamentis
523 2507 643 2554 insequamur.
653 2506 778 2544 Sanctissimus
789 2508 842 2546 etiam

108 2565 156 2613 Papa
169 2565 205 2601 Leo
219 2565 237 2600 in
255 2576 338 2605 sermone
352 2563 402 2601 dicit:
417 2564 504 2602 Oratione
519 2565 552 2602 Dei
566 2566 670 2614 propitiatio
685 2567 781 2614 quaeritur,
799 2568 843 2604 ieiu-

108 2624 138 2660 nio
154 2623 298 2671 concupiscentia
311 2624 367 2659 camis
382 2624 496 2673 extinguitur,
506 2624 627 2674 eleemosynis
641 2636 714 2674 peccata
723 2626 840 2670 redimuntur¹

107 2683 197 2733 simulque
207 2695 237 2732 per
251 2683 310 2719 omnia
320 2683 352 2720 Dei
362 2683 421 2731 imago
435 2685 453 2720 iu
462 2683 513 2721 nobis
528 2676 631 2722 renouatur.
642 2684 672 2721 Est
681 2695 741 2722 autem
753 2685 841 2723 confessio

887 727 957 753 Confessio

870 762 910 797 qualis
920 764 940 789 sir.

866 1451 905 1477 Prov.
915 1452 935 1476 28.

867 1574 900 1600 Psal.
911 1583 930 1609 31.

866 1756 877 1774 ι,
885 1749 920 1774 ioan,
927 1757 939 1775 2.

864 2396 941 2422 Satislacrio¹
