1968 3023
434 148 509 184 Horuilia
524 146 588 184 XXIV.
847 146 879 191 167

145 229 188 266 nihil
202 229 303 274 iucundius,
313 228 356 265 nihil
366 227 441 277 denique
451 226 548 275 preciosius
559 225 668 262 conscientia
678 223 733 269 bona,
749 225 839 273 quoniam,
849 222 879 259 ubi

144 303 194 326 mens
208 289 320 326 rectitudinis
334 289 351 324 in
366 295 384 324 se
397 300 438 324 suae
452 286 566 323 rraaraifestntu
575 282 628 320 hahet
638 283 768 326 testiinonium,
778 282 846 319 nullutn
856 282 880 318 in·

144 349 252 398 quietudinis
266 348 377 397 perniciosae
386 348 451 396 patitur
461 357 567 382 remorsum.
577 343 694 381 Conscientia
703 352 755 385 recta,
765 352 782 378 et
794 341 840 378 bona
853 351 879 377 est

145 409 246 448 incredibile
260 410 326 446 mentis
339 407 443 457 tripudium,
458 417 475 442 et
489 415 556 443 certum
571 406 588 441 in
602 404 653 440 omni
666 402 772 439 alluersitate
789 400 878 439 solatium.

145 471 249 513 Monachus
259 470 288 518 qui
299 468 354 505 bonae
369 467 487 504 conscientiae
496 476 587 503 assecutus
597 474 623 500 est
635 463 765 506 testimonium,
775 475 807 498 nec
820 462 879 497 vivere

145 530 216 579 quidem
230 539 305 572 recusat,
319 540 350 564 nec
365 527 428 563 mortis
442 525 511 562 futurae
526 525 590 561 metuit
600 522 702 559 aduentum.
712 522 761 559 Bona
771 521 879 557 conscientia

144 602 213 638 scuapcr
232 598 258 624 est
275 587 326 632 laeta,
340 598 410 634 semper
427 583 507 628 iucunda,
522 595 592 632 seraper
610 580 706 630 intrepida,
721 591 738 618 et
753 581 771 617 in
785 592 827 629 pace
840 580 879 616 lesu

145 648 211 685 Christi
225 647 311 683 veraciter
325 644 428 692 tranquilla:
443 644 462 680 ln
476 643 523 687 bona¹
535 643 632 680 coscieutia
645 654 716 689 semper
729 650 755 677 cst
769 653 808 688 pan,
818 639 880 686 pietas,

143 708 217 751 bonitas,
232 705 267 749 lux,
281 705 343 749 virtus,
357 704 447 748 honestas,
457 703 548 751 gaudium,
563 702 635 747 laetitia,
645 700 728 746 dulcedo,
742 709 759 736 et
772 700 810 735 sine
824 698 880 735 disso-

144 768 211 804 lutione
221 764 328 801 iucunditas.
338 763 451 799 Conscientia
460 762 607 810 gazophylacium
618 770 645 797 est
654 761 729 803 animae,
739 760 824 808 quoniam
834 758 880 807 quic·

144 826 185 874 quid
195 826 213 861 in
222 837 241 860 ea
251 823 351 871 reponitur,
359 821 380 858 ad
390 831 508 858 commeatum
517 820 586 858 futurae
593 821 639 857 vitae
649 830 756 856 reservatur
766 818 880 856 Conscientia

144 884 190 920 bona
203 883 297 919 thesaurus
311 890 337 916 est
351 880 440 928 optimus;
454 893 507 928 quern
520 880 534 915 si
548 880 587 928 quis
601 877 665 915 hahere
679 878 784 926 neglexerit,
798 877 880 914 orantium

145 928 238 979 hominurn
253 940 371 981 miserrimus¹
382 948 399 974 et
409 937 540 975 infelicissimus
551 949 576 975 est
590 935 701 975 iudicandus.
712 936 826 974 Conscientia
834 933 880 972 bona
928 956 930 958 ·

144 1001 216 1049 spiritus
226 1000 282 1035 sancti
293 1008 319 1034 est
329 997 455 1043 habitaculum,
463 1008 479 1033 et
490 997 580 1047 paradisus
589 997 678 1033 terrestris
686 997 767 1032 omnium
778 995 879 1044 gratiarum.

89 1084 91 1087 ·
144 1059 260 1097 Conscientia
269 1057 316 1095 bona
325 1058 421 1105 impiorum
436 1056 552 1093 detractiones
562 1069 597 1094 non
607 1057 679 1101 metuit,
694 1065 711 1091 et
724 1067 774 1091 inens
784 1054 827 1091 recti
841 1067 880 1091 con-

145 1119 180 1155 scia
194 1117 251 1154 famae
265 1116 358 1154 mendacia
374 1116 477 1152 coutemnit.
492 1116 606 1153 Conscientia
621 1114 667 1152 bona
685 1127 756 1163 semper
769 1124 795 1151 est
808 1112 879 1150 hilaris:

145 1189 169 1222 et,
188 1179 218 1226 qui
236 1185 321 1225 operatur
339 1175 423 1211 iustitiam
438 1176 476 1219 Dei,
490 1188 526 1212 non
544 1185 570 1211 est
587 1174 675 1211 inutiliter
692 1174 754 1211 tristis.
768 1174 897 1211 Conscientia.

145 1236 191 1273 bona
204 1248 275 1284 semper
288 1236 305 1272 in
320 1246 381 1271 amore
395 1224 468 1271 [lorraini
485 1234 562 1283 prolicit:
577 1244 593 1271 et
607 1235 637 1282 qni
651 1234 695 1271 vivit
713 1235 821 1276 innocenter,
835 1234 880 1281 peri-

145 1296 205 1332 culum
219 1309 256 1332 non
266 1293 341 1343 pavebit.
352 1294 465 1332 Conscientia
475 1292 520 1331 hona
530 1307 570 1330 cum
579 1292 663 1331 omnibus
673 1292 724 1330 habet
736 1294 754 1330 in
764 1294 803 1330 Deo
813 1306 881 1341 pacem,

145 1365 162 1391 et
176 1353 297 1400 concordiam,
308 1363 325 1390 et
334 1366 384 1390 suain
395 1364 443 1389 curat
453 1353 470 1388 in
480 1352 543 1389 humili
552 1353 666 1401 simplicitate
676 1352 757 1389 salutern.
768 1353 881 1391 Conscientia

145 1415 190 1452 bona
204 1414 298 1451 confirmat
312 1413 401 1449 animam:
416 1412 445 1461 qui
462 1423 521 1449 autern
539 1413 621 1449 assiduus
635 1423 661 1449 est
675 1413 693 1449 in
707 1412 764 1456 malis,
778 1423 849 1449 corruet
863 1413 880 1448 in

145 1473 294 1522 desperationem
304 1472 418 1508 Conscientia
428 1472 473 1508 bona
483 1471 591 1509 confidenter
601 1472 679 1521 increpat
688 1471 785 1509 stolidum:
799 1472 828 1521 qui
838 1484 880 1508 uero

145 1533 202 1570 malus
216 1542 248 1576 est,
262 1544 344 1568 atraarum
358 1541 450 1568 conservat
460 1526 681 1569 silentiamConscientia
691 1531 737 1568 bona
750 1530 833 1568 laetificat
846 1532 881 1567 ani-

145 1604 204 1628 mamr
216 1591 246 1639 qui
260 1603 303 1626 vero
317 1589 350 1626 sihi
364 1590 453 1627 malorum
469 1601 495 1626 est
509 1592 597 1634 conscius,
612 1592 717 1628 continuam
735 1590 801 1638 patitur
817 1590 881 1626 mentis

145 1649 280 1687 desolationem.
293 1648 408 1685 Conscientia
417 1649 462 1686 bona
472 1658 511 1686 tuto
521 1650 635 1698 reprehendit
645 1650 733 1698 impium:
748 1649 778 1697 qui
788 1657 847 1686 autem
857 1661 882 1685 re·

145 1709 237 1746 ctitndinis
249 1708 309 1745 amisit
319 1709 450 1753 testimonium,
461 1721 531 1757 semper
540 1709 590 1745 timet
599 1708 758 1758 redarguitionem.
768 1708 881 1745 Conscientia

145 1767 191 1804 hona
204 1766 335 1815 pulcherrimus
349 1776 422 1803 ornatus
441 1776 466 1802 est
482 1768 562 1804 animae:
578 1778 594 1804 et
608 1768 689 1816 quinon
707 1776 756 1803 curat
770 1768 788 1803 iu
801 1767 833 1803 hac
846 1767 882 1803 vita

145 1827 255 1875 sapientiam,
271 1826 288 1861 iu
302 1834 380 1873 egestare
395 1826 486 1862 morietur.
501 1826 614 1863 Conscientia
628 1825 674 1863 bona
683 1822 771 1862 virtutum
785 1834 811 1862 est
825 1825 881 1862 domi-

146 1885 215 1931 cilium,
229 1895 246 1921 et
259 1898 302 1921 vera
316 1885 385 1921 rsaansio
400 1884 504 1921 coelestium
517 1898 630 1923 arcanorum.
639 1886 755 1923 Conscientia
768 1884 814 1922 bonu
827 1886 882 1922 totius

145 1954 171 1981 est
185 1944 310 1993 philosophiae
324 1944 462 1986 consummatio,
477 1954 494 1980 et
508 1946 590 1981 otnraiurn
602 1945 717 1982 scientiarum
728 1944 826 1994 plenitudo.
836 1944 882 1981 Con-

145 2005 215 2040 scientia
230 2002 276 2040 bona
290 2003 377 2039 virtutum
394 2003 463 2039 doctrix
477 2013 503 2040 est
517 2005 591 2052 optima,
607 2015 624 2041 et
638 2004 732 2052 disciplina
749 2005 830 2041 omnium
844 2015 882 2040 stu-

146 2063 216 2100 diorum
226 2071 356 2099 consummata.
366 2062 479 2099 Conscientia
492 2062 538 2099 bona
547 2063 626 2100 fructum
636 2064 736 2100 sanctitatis
746 2062 779 2099 fert
788 2063 882 2111 optimum,

146 2133 162 2159 et
172 2132 220 2159 stans
229 2121 301 2158 fundata
311 2122 329 2158 in
338 2122 403 2158 timore
412 2121 485 2158 Domini
495 2121 563 2158 nullum
574 2122 652 2159 admittit
661 2134 760 2170 peccatum.
769 2122 883 2160 Conscientia

145 2181 190 2218 bona
204 2182 274 2218 cunctis
288 2180 350 2217 muudi
364 2179 427 2228 opibus
441 2189 467 2216 est
481 2182 586 2229 preciosior,
600 2191 618 2218 et
631 2181 715 2219 omnibus
729 2180 882 2227 desiderabilibus,

143 2243 189 2289 ,quac
202 2242 220 2277 in
233 2239 267 2276 hac
275 2241 310 2276 vita
320 2249 395 2287 possunt
404 2239 470 2285 haberi,
480 2239 557 2277 multum
567 2242 645 2279 suavior.
652 2236 770 2278 'Conscientia
779 2240 824 2277 bona
834 2240 884 2277 Chri-

145 2302 211 2337 stianae
225 2299 340 2348 perfectionis
355 2309 380 2336 est
393 2300 485 2345 meritum,
500 2311 517 2336 et
530 2300 599 2338 futurae
614 2300 704 2338 felicitatis
723 2300 815 2338 humiliter
832 2313 882 2348 prae-

146 2359 249 2408 sumptibile
266 2360 380 2408 principium.
396 2359 509 2396 Conscientia
527 2359 573 2397 bona
586 2362 673 2398 uirtutum
686 2374 728 2410 ager
742 2371 767 2396 est
781 2359 851 2404 fertilis,
866 2371 883 2396 et

146 2418 190 2455 odor
204 2418 281 2456 Paradisi
296 2419 330 2455 Dei
346 2418 406 2461 dulcis,
421 2428 473 2466 atque
491 2420 555 2456 suavis.
570 2421 686 2457 Conscientia
703 2419 749 2456 bona
767 2419 819 2455 huius
837 2420 884 2456 uitae

146 2491 206 2515 comes
220 2487 247 2513 est
261 2478 381 2522 dulcissimus,
392 2486 409 2513 et
422 2477 509 2514 mediator
519 2478 564 2515 inter
573 2480 639 2523 Deum,
653 2490 670 2516 et
684 2479 776 2515 hominem
788 2478 883 2526 gloriosus.

147 2537 261 2574 Conscientia
270 2536 316 2574 bona
326 2535 442 2573 daemonibus
452 2538 528 2574 inultum
539 2549 565 2575 est
575 2539 699 2584 formidabilis
706 2538 738 2575 sed
747 2540 804 2575 antica
814 2538 884 2586 placens

147 2596 221 2645 Angelis
235 2597 305 2633 sanctis.
322 2596 437 2633 Conscientia
451 2595 497 2633 bona
510 2599 618 2635 morientem
632 2610 716 2635 securum
730 2597 771 2634 facit
785 2608 846 2635 contra
859 2600 885 2635 in‘

147 2656 200 2693 sidias
208 2656 324 2702 daemonum,
332 2665 349 2692 et
357 2664 477 2692 commeatum
486 2656 550 2694 habere
558 2668 637 2695 meretur
644 2658 763 2706 Angelorum.
771 2658 885 2696 Conscientia
