1968 3023
356 134 433 171 Humilia
447 133 512 171 XVIII.
766 144 798 180 133

66 225 133 261 serunt,
148 226 164 252 et
177 218 235 253 Iesum
249 214 319 264 publice
333 214 438 253 confitentes
454 214 593 263 Redemptorem
611 213 683 260 mnndi,
701 214 749 251 illata
766 212 799 250 sibi

66 284 155 312 tormenta
168 289 209 313 cum
222 275 287 325 gaudio
303 284 426 324 susceperunt.
444 274 479 312 Alii
499 286 548 318 vero,
564 274 644 322 quamvis
662 286 680 310 se
697 273 745 310 ultro
763 284 799 309 non

66 335 177 383 ingesserint,
190 336 295 384 martyrium
309 344 369 372 tamen
385 333 484 383 gaudenter
504 342 619 382 susceperunt
636 332 725 378 oblatum,
744 332 799 381 parati

66 407 137 444 semper
150 396 237 432 sustinere
250 407 282 443 pro
295 394 330 432 fide
344 394 418 440 Christi,
433 392 517 445 quicquid
531 392 625 430 crudelitas
638 402 755 440 tyrannorum
770 392 799 427 ln-

66 453 111 491 ferre
127 455 219 503 potuisset,
234 454 267 491 His
280 453 355 504 gradum
365 453 446 491 obtinent
460 452 565 490 lucidissimi
575 450 692 490 Confessores
702 452 767 488 merito
777 451 800 487 ni-

67 515 158 558 ciniorem,
173 527 217 563 quos
231 524 247 551 et
264 515 279 550 si
297 510 390 551 crudelitas
408 514 506 562 impiorum
525 510 647 562 persequendo
665 524 701 549 non
721 510 799 557 abstulit,

66 573 141 623 gloriam
155 583 214 611 tamen
227 574 307 622 martyrii
321 573 421 611 nullatenus
432 574 536 610 amiserunt.
546 572 641 609 Enimvero
652 570 757 620 crucifigens
767 583 799 620 pro

66 633 132 671 Christi
146 634 217 671 nomine
231 646 302 670 carnem
315 647 365 670 suam
380 634 397 670 in
411 633 446 670 hoc
459 632 534 679 mundo,
544 643 560 670 et
569 632 696 677 voluntarium,
706 641 723 668 et
733 631 800 668 diutur-

66 705 108 729 num
121 693 228 741 martyrium
242 692 360 741 pertulerunt:
372 693 402 742 qui
416 691 588 741 perabstinentiam,
600 701 616 729 et
630 691 750 728 humilitatem
760 691 798 740 glo-

66 753 108 789 riosi
122 752 165 788 facti
176 761 223 797 sunt,
237 752 295 788 animo
310 761 416 797 constantes,
434 765 454 788 ac
471 752 595 800 patientissimi
612 764 683 800 semper
696 751 798 794 existentes,

66 821 82 848 et
95 810 117 847 ad
130 811 235 858 martyrium
249 810 365 859 corporaliter
379 810 513 859 suscipiendum
532 810 644 859 paratissimi.
661 810 744 854 Quorum
759 823 797 853 vos,

66 884 76 907 o
90 869 172 918 Monachi
186 882 218 918 pro
232 868 298 906 viribus
311 870 411 906 imitatores
425 882 464 905 esse
478 880 543 915 curate,
556 878 581 913 nt,
595 869 679 918 qnoniam
692 868 758 912 hostes,
768 869 798 917 qui

66 942 130 977 corpus
144 929 245 965 interimant
258 941 290 977 pro
301 928 379 972 Christo,
390 929 425 965 iam
439 928 509 974 desunt,
519 928 668 977 concupiscentiis
682 929 739 965 carnis
752 928 798 965 reln-

66 998 137 1032 cuntes,
152 997 168 1025 et
182 988 255 1025 aduersa
268 988 355 1036 patienter
367 1001 400 1037 pro
414 989 448 1025 Dei
465 1001 525 1025 amore
541 989 648 1025 sustinentes
661 1000 693 1025 vos
711 997 798 1036 martyres

66 1057 130 1089 mente,
144 1057 161 1084 et
174 1048 235 1096 spiritu
250 1046 354 1085 exhibeatis.
363 1048 447 1096 Martyrii
459 1060 516 1096 genus
525 1048 542 1085 in
552 1060 594 1095 pace
603 1058 706 1084 sanctorum
717 1055 744 1083 est
753 1047 799 1095 opti-

65 1120 121 1151 mum,
135 1120 205 1144 carnem
215 1119 251 1155 ,pro
264 1107 297 1144 Dei
310 1108 383 1145 nomine
397 1120 429 1155 per
442 1106 566 1144 abstinentiam
580 1106 662 1155 affligere,
674 1105 718 1143 nihil
730 1107 749 1142 in
764 1106 799 1143 hoc

66 1166 133 1204 mundo
147 1167 275 1215 concupiscere,
289 1168 307 1203 in
325 1166 408 1216 operibns
424 1166 476 1203 bonis
494 1179 564 1215 seraper
582 1165 673 1216 proficere,
687 1175 712 1211 et,
727 1166 741 1202 si
757 1166 799 1215 qnid

66 1226 148 1263 acciderit
162 1225 209 1271 mali,
223 1238 264 1262 cnm
276 1225 365 1263 hilaritate
379 1226 445 1262 mentis
458 1235 553 1274 gratanter,
563 1239 583 1262 ac
592 1226 679 1274 patienter
690 1227 707 1262 in
717 1225 799 1262 omnibus

65 1284 146 1323 tolerare.
162 1285 190 1322 Ad
203 1285 248 1322 hanc
260 1298 342 1323 normam
357 1286 453 1335 patientiae
467 1284 529 1322 fratres
539 1285 638 1321 charissimi
648 1284 729 1333 deinceps
739 1285 798 1328 vivite,

55 1337 79 1380 ¹si
93 1357 133 1380 cum
146 1344 219 1385 Christo
233 1346 250 1381 in
263 1354 356 1382 aeternum
370 1345 435 1393 cupitis
448 1357 527 1393 regnare.
543 1344 593 1380 Alter
607 1344 678 1381 alterius
692 1356 745 1380 onera
759 1356 800 1392 por-

64 1413 106 1449 tate,
120 1413 136 1440 et
149 1404 174 1440 sic
188 1403 305 1452 adimplebitis
318 1404 377 1453 legem
391 1404 463 1446 Christi,
477 1415 505 1450 ut,
519 1404 566 1453 quod
580 1403 612 1440 sibi
625 1402 663 1440 fieri
677 1403 752 1452 quisque
766 1403 798 1440 de-

65 1461 135 1507 siderat,
149 1463 202 1499 etiam
215 1462 264 1499 fratri
277 1476 310 1500 suo
324 1462 404 1499 hilariter
417 1462 516 1511 impendat.

209 1592 235 1622 De
245 1602 283 1622 aera
293 1593 381 1622 hnmilitate
392 1593 513 1623 Monacaoram.
525 1593 596 1622 Homa'h'a
607 1593 656 1622 ΧΙΧ.

116 1703 174 1728 nurum
188 1691 243 1728 ferme
256 1692 351 1729 doctorum
364 1692 452 1728 sententia
466 1701 498 1735 est,
509 1691 571 1728 iratres
585 1692 690 1735 charissimi,
703 1704 797 1734 summam,

68 1704 113 1795 O
122 1760 139 1786 et
148 1751 258 1798 praecipuam
272 1751 402 1788 monachorum
412 1752 505 1797 virtutem,
515 1764 552 1801 non
561 1752 612 1788 aliam
623 1765 667 1798 esse,
677 1764 729 1800 quarn
738 1750 798 1788 humi-

64 1809 143 1855 litatem;
158 1819 250 1858 propterea
260 1809 307 1858 qnod
316 1811 355 1858 ipsa
364 1820 425 1853 mater,
437 1821 454 1847 et
463 1812 523 1848 nutrix
536 1812 558 1847 sit
568 1811 649 1848 omnium
658 1812 751 1847 virtutum.
761 1811 798 1847 Hu-

65 1869 130 1906 militas
142 1882 219 1918 namque
231 1868 339 1905 monachum
354 1869 401 1915 facit,
414 1868 497 1918 superbia
511 1869 592 1916 destruit,
603 1879 620 1906 et
635 1871 739 1920 corrumpit.
752 1870 799 1907 Hinc

64 1929 152 1965 Dominus
166 1941 197 1976 per
210 1929 278 1965 Esaiam
292 1928 344 1966 dicit:
358 1930 385 1964 Ad
400 1941 453 1977 quem
467 1930 569 1977 respiciam,
582 1930 615 1965 nisi
629 1929 650 1965 ad
664 1929 798 1978 pauperculum,

65 1999 82 2026 et
96 1990 191 2025 contritum
205 1990 273 2037 spiritu,
284 1998 301 2026 et
310 1998 417 2025 trementem
427 2001 521 2025 sermones
530 1990 593 2025 meos?
602 1990 652 2025 Deus
661 1991 708 2026 enim
718 1988 797 2037 superbis

65 2049 136 2093 resistit,
150 2047 246 2086 humilibus
260 2058 319 2085 autem
333 2047 362 2085 dat
374 2048 461 2096 gratiam:
476 2049 517 2096 quia
532 2049 602 2085 initium
617 2049 676 2085 omnis
689 2049 754 2097 peccati
769 2062 797 2085 su-

65 2108 125 2156 perbia
140 2118 172 2153 est,
185 2118 202 2144 et
215 2109 253 2144 sine
266 2120 306 2144 vera
315 2107 415 2144 humilitate
424 2120 477 2143 nemo
488 2107 563 2144 salutem
574 2109 657 2157 consequi
667 2118 731 2157 potest.
741 2108 796 2152 Quod

65 2180 105 2204 cnm
118 2168 142 2203 ita
155 2168 183 2213 sit,
196 2169 316 2204 necessarium
329 2167 373 2203 mihi
383 2165 421 2202 fore
435 2166 526 2212 existimo,
537 2165 604 2210 iratres,
614 2168 652 2204 sine
664 2168 796 2205 intermissione

65 2227 153 2264 cohortari
166 2238 204 2270 νος,
217 2236 236 2262 ut
250 2225 350 2275 superbiam
360 2224 448 2274 fugientes
462 2226 479 2261 in
494 2224 577 2262 omnibus
586 2225 670 2274 operibus
678 2227 742 2263 vestris
756 2240 797 2275 pro·

65 2285 136 2322 fundam
151 2298 220 2333 semper
234 2284 337 2322 custodiatis
350 2284 477 2321 humilitatem.
495 2284 570 2321 Nullum
588 2286 653 2334 qnippe
670 2298 715 2333 opus
729 2285 796 2323 bonum

64 2344 143 2380 Domino
157 2344 196 2380 Deo
210 2343 279 2393 placere
293 2343 376 2389 creditur,
390 2342 438 2392 quod
452 2344 490 2379 sine
504 2343 619 2391 condimento
629 2343 734 2380 humilitatis
748 2357 797 2392 prae-

53 2413 149 2440 sentatur.
162 2403 319 2441 Humilitasenim
332 2403 420 2441 medicina
435 2414 460 2440 est
474 2403 565 2440 animabus
582 2403 661 2440 fidelium
676 2403 797 2451 saluberrima,

64 2477 108 2513 quae
122 2463 204 2500 omnibus
218 2465 303 2510 consulit,
317 2464 401 2513 qnoniam
417 2464 505 2500 tumentia
518 2464 590 2511 spiritus
603 2463 672 2499 viscera
688 2465 798 2512 comprimit,

64 2521 171 2559 tabescentia
184 2522 249 2566 reficit,
263 2524 357 2571 depravata
373 2523 454 2571 corrigit,
471 2523 589 2559 excrescentia
606 2521 657 2559 tollit.
672 2522 689 2559 O
702 2532 765 2567 mater,
780 2528 807 2560 et'

64 2582 216 2630 parensomnium
226 2583 312 2618 virtutum
322 2582 419 2627 humilitas
425 2592 443 2618 tn
453 2582 556 2630 patientiam
565 2580 666 2628 confirmas,
673 2584 797 2630 compunctio-

64 2654 105 2678 nem
119 2641 191 2686 excitas,
204 2641 307 2678 charitatem
321 2641 416 2685 illuminas,
428 2641 526 2677 castitatem
540 2653 598 2687 ornas,
612 2642 712 2679 orationem
725 2642 798 2679 foecun-

833 819 860 844 Isto
867 818 908 844 modo

828 853 898 879 Christiani

819 897 866 914 omnes
874 897 908 914 mar-

819 923 867 957 tyrium
883 923 907 949 dc·

819 958 865 984 bemus
870 958 908 984 Clui-

819 999 845 1019 sto.

848 1706 906 1731 Humill-

819 1748 843 1772 aas,
855 1749 907 1766 summa

819 1782 831 1816 ct
838 1776 907 1810 praecipua

819 1816 859 1836 vnrus
876 1818 906 1836 mo·

818 1845 895 1870 nachorum.

817 2116 861 2141 Iacob.
870 2125 883 2148 4.

817 2173 867 2199 Etclcs.
877 2182 889 2205 4.
