1968 3023
81 2016 137 2042 Gratia

49 2051 97 2077 amissa
110 2059 136 2086 quo

49 2086 89 2112 modo
105 2086 136 2112 teci-

48 2121 86 2156 pitur,

160 150 195 176 222
369 140 395 177 De
408 139 498 189 cognitione
510 140 575 188 gratiae
588 139 685 188 spiritualis.

159 219 188 268 qui
202 220 276 256 mamma
289 220 366 268 spernit,
380 220 464 268 paulatim
478 217 551 256 decidit:
565 227 582 255 ct
599 220 679 267 quinon
693 228 742 255 carvet
758 218 814 255 multa
826 231 890 266 parva,

158 277 261 328 frequenter
274 292 295 316 es
309 279 437 316 consuetudine
452 292 508 315 unum
521 291 607 328 uraguurn
623 278 682 316 efficit.
700 276 781 315 Secunda
794 291 837 314 vero
852 291 891 314 cau-
908 326 910 328 ‚

159 337 193 374 tela
203 351 234 387 pro
244 339 379 376 conservatione
393 340 459 388 gratiae
472 339 572 376 necessaria
585 338 655 386 dicitur,
665 347 684 374 ut
698 339 756 375 omnis
769 337 852 374 iactantia
865 350 892 374 ca-

158 407 224 435 veatur.
238 398 257 435 Si
270 398 337 435 donum
352 399 495 448 compunctionis
505 411 514 435 a
523 399 603 436 Domino
613 398 694 435 meruisti
707 398 791 445 accipere,
805 407 890 446 qtrnntum

159 458 176 493 in
190 467 206 494 te
220 469 252 503 est,
266 458 336 495 studeas
349 458 392 495 illud
406 457 496 502 lmmiliter
511 458 606 495 occultare.
624 458 676 506 Fugit
689 458 736 494 enim
750 457 806 493 sancti
819 457 890 505 spiritus

158 518 214 564 grrrtia
227 517 325 565 publicum,
341 528 357 555 et
371 517 468 554 detestatur
482 530 535 554 omne
550 530 580 555 cor
593 518 675 554 iactantia
689 516 791 565 superbum.
804 517 850 553 Nam
863 526 890 562 ut,

159 577 209 614 diuus
229 577 327 626 Gregorius
347 577 398 621 dicit,
418 576 491 625 spoliari
511 576 608 624 desiderat,
622 578 653 626 qui
670 576 773 614 thesaurum
788 577 807 613 in
820 575 890 623 publico

159 646 222 684 portat.
240 638 313 683 Tertio,
327 638 340 673 si
355 638 430 686 gratiam
450 638 596 686 cotnpunctionis
615 638 694 674 internae
712 650 748 674 non
761 639 787 673 vis
801 637 890 679 amittere,

158 697 236 745 quietem
250 690 353 733 solitudinisv
364 696 434 732 studeas
448 709 512 733 durate.
527 696 574 733 Dicit
589 696 636 732 enim
650 697 738 745 scriptura
752 696 820 741 diuina3
835 696 891 744 Super

158 768 211 804 quem
226 756 324 804 requiescet
341 755 413 803 spiritns
431 768 493 801 meus,
508 755 542 791 nisi
555 768 608 804 snper
621 756 719 802 humilem,
734 765 751 792 et
764 756 856 805 quietum?
869 755 890 791 Et

158 814 221 851 iterum
236 814 253 850 in
266 814 300 851 alio
317 814 369 851 dicit:
387 815 406 851 ln
422 814 499 860 silentio,
514 824 531 850 et
549 829 579 864 spe
597 816 629 852 erit
646 815 733 853 fortitudo
749 825 817 852 vestra:
830 815 891 851 Gratia

158 874 205 909 enim
220 875 362 922 compunctionis
380 875 458 911 internae
476 874 512 910 cito
525 875 622 919 amittitur¹
637 876 708 924 quando
725 886 813 912 secretum
828 875 890 912 solitu-

159 932 203 969 dinis
217 945 253 969 non
267 943 340 970 armatur.
354 934 415 971 Discat
429 946 471 982 ergo
486 934 584 971 monachus
598 935 615 970 in
629 934 673 971 cella
686 948 746 971 secum
760 934 835 981 libenter
849 947 891 971 cou-

158 994 225 1035 sistere,
236 994 266 1042 qni
279 995 353 1042 gratiam
363 994 396 1030 Dei
405 993 442 1030 vult
457 993 554 1042 possidere.
569 994 644 1038 Quarto,
659 994 756 1031 cavendum
769 1007 889 1043 strrnrnopere,

159 1066 180 1089 ne
190 1052 266 1101 aliquem
280 1052 372 1090 hominem
386 1053 516 1103 qmrntumlibet
529 1053 597 1090 malum
608 1055 625 1090 in
635 1054 689 1091 corde
698 1067 728 1091 tuo
739 1054 832 1103 despicias;
846 1067 890 1103 quo-

158 1113 206 1148 niam
219 1113 276 1160 gratia
290 1113 432 1161 compunctionis
441 1114 489 1150 iusto
498 1113 532 1149 Dei
545 1113 611 1150 iudicio
625 1112 739 1157 subtrahitur,
752 1114 821 1162 quoties
835 1122 890 1150 teme-

158 1172 224 1208 ratium
234 1171 255 1209 de
265 1173 347 1221 proximo
360 1171 447 1209 iudicium
460 1186 497 1210 non
511 1182 588 1210 cauetur.
601 1173 649 1209 Dicit
658 1186 728 1222 nanque
737 1173 755 1209 iu
764 1184 824 1209 sancto
834 1173 890 1209 Euan-

157 1230 204 1278 gelio
214 1231 311 1267 Dominus:
320 1231 381 1269 Nolite
391 1232 474 1278 iudicare,
484 1242 546 1269 ernon
556 1232 687 1278 iudicabimini3
701 1232 757 1270 nolite
767 1231 890 1278 condemnare,

157 1299 174 1325 et
187 1303 224 1326 non
237 1289 405 1329 condemnabimini.
420 1291 500 1338 Quinto,
514 1292 621 1336 trierarchus,
636 1293 666 1341 qui
679 1293 754 1340 gratiam
770 1293 848 1329 internae
861 1292 890 1328 de-

157 1348 235 1384 uotionis
248 1361 284 1385 non
298 1349 335 1386 vult
349 1349 437 1393 amittere,
451 1350 521 1386 studeat
530 1362 548 1386 se
558 1351 576 1386 in
586 1349 633 1387 cultu
647 1351 733 1387 uirtutum
747 1351 828 1387 omnium
841 1363 890 1387 exer-

158 1420 202 1444 cere.
216 1407 290 1456 Semper
303 1408 321 1445 in
336 1409 401 1445 timore
415 1409 490 1445 Domini
503 1408 577 1456 vigilet,
592 1422 662 1458 semper
676 1422 694 1445 se
708 1410 725 1445 in
738 1410 821 1446 exercitio
835 1408 890 1446 divini

157 1468 223 1505 amoris
237 1478 318 1517 occupet:
333 1468 415 1506 inbonis
430 1468 513 1518 operibus
528 1471 593 1519 iugiter
607 1472 629 1507 sit
643 1469 728 1515 assiduus,
743 1472 789 1508 etin
803 1472 890 1508 memoria

157 1528 244 1574 passionis
254 1529 363 1572 Dominicae,
373 1539 460 1576 quantum
470 1528 565 1577 praevalet,
576 1531 625 1567 omni
639 1539 719 1578 tempore
728 1529 809 1567 deuotus.
820 1531 890 1568 intenta

158 1589 205 1625 eninr
219 1589 306 1636 passionis
320 1589 386 1627 Christi
404 1589 497 1628 meditatio
516 1590 610 1637 hominem
628 1600 689 1627 contra
702 1592 761 1628 otnma
774 1592 816 1627 vitia
830 1603 890 1629 corro-

157 1646 215 1693 borat,
226 1657 242 1684 et
251 1648 393 1697 compunctionis
402 1649 478 1697 gratiam
493 1660 592 1686 conservat.
607 1649 668 1696 Sexto,
678 1650 696 1686 in
705 1650 767 1686 satietis
781 1649 889 1687 orationibus

158 1716 195 1743 esto
209 1707 303 1743 continuus
308 1722 313 1753 ;
327 1707 367 1756 qnia
381 1707 526 1755 compunctionis
540 1708 615 1757 gratiam
629 1706 718 1744 custodire
731 1720 765 1744 non
779 1707 851 1754 sufficit,
859 1708 889 1756 qui

157 1766 243 1803 orationis
257 1765 335 1803 studium
349 1766 456 1803 intermittit.
471 1767 519 1803 Dicit
533 1767 582 1802 enim
596 1766 677 1802 Salvator
690 1767 708 1803 in
718 1776 777 1804 sancto
786 1766 889 1814 Evangelio:

157 1825 247 1873 Vigilate,
262 1834 279 1861 et
292 1837 352 1871 orate,
367 1834 436 1862 utnon
453 1826 522 1862 intretis
536 1825 554 1862 in
567 1826 692 1862 tentatiossem
711 1824 801 1862 Auxilium
816 1826 890 1863 Domini

157 1893 228 1931 praesto
242 1894 268 1921 est
281 1883 412 1921 invocantibus:
426 1884 456 1933 qui
476 1893 535 1921 autem
556 1896 607 1921 orare
626 1883 710 1932 negligit,
724 1884 800 1932 gratiam
817 1886 888 1922 amittit.

157 1942 212 1987 Quod
226 1944 240 1979 si
253 1944 328 1993 gratiam
343 1945 444 1980 deuotionis
457 1943 538 1993 quolibet
551 1943 607 1981 modo
620 1944 709 1988 amiseris,
724 1942 836 1992 sequentibus
850 1958 889 1981 eam

157 2016 187 2039 sea
201 2002 282 2039 remediis
297 2003 332 2039 cito
350 2002 469 2051 recuperabis,
483 2003 503 2038 ln
517 2003 586 2050 primis,
600 2012 617 2039 te
631 2001 722 2040 considera
736 2003 775 2052 sine
786 2004 820 2040 Dei
833 2005 889 2052 gratia

156 2061 262 2099 adsalutem
276 2074 312 2099 non
325 2075 377 2110 posse
391 2061 483 2111 prolicere,
497 2061 528 2099 sed
542 2064 579 2110 eius
593 2063 707 2099 miseratione
717 2063 735 2099 in
744 2061 832 2109 omnibus,
846 2077 890 2112 quae

157 2120 235 2158 facturus
249 2134 267 2158 es
281 2120 333 2167 bono,
348 2130 365 2158 te
378 2122 456 2158 inanime
470 2121 557 2170 indigere.
572 2122 687 2170 Recognosce
700 2122 755 2169 igitur
764 2131 780 2158 te
792 2122 847 2170 gratia
856 2123 890 2159 Dei

153 2181 177 2217 ad
191 2182 300 2229 operandum
312 2180 383 2218 ,bonum
401 2193 439 2217 esse
456 2180 561 2228 indignum:
576 2179 607 2216 sed
621 2180 702 2229 qtramvis
715 2189 732 2216 te
746 2191 818 2228 propter
830 2181 890 2217 multi-

157 2239 236 2276 tudinem
250 2247 363 2287 peccatotum
377 2249 451 2288 tuorum
465 2241 510 2275 scias
523 2239 624 2288 indignum,
635 2240 699 2276 invoca
712 2250 771 2276 tamen
785 2252 832 2285 entra,
846 2252 889 2289 quo-

156 2300 204 2336 niam
218 2311 273 2347 prope
288 2309 320 2336 est:
336 2309 352 2336 et
366 2312 419 2336 omne
436 2308 518 2347 tempus,
534 2299 582 2347 quod
600 2297 630 2335 tibi
648 2298 729 2335 ociosum
743 2312 752 2334 a
766 2298 889 2336 communibus

156 2358 231 2395 fratrum
251 2359 339 2395 exercitiis
360 2358 474 2404 conceditur,
494 2357 522 2394 fac
539 2358 616 2403 utiliter,
631 2368 648 2395 et
665 2358 755 2396 fructuose
775 2357 889 2406 expendatur.

157 2418 217 2455 Gratia
230 2418 264 2454 Dei
278 2417 298 2454 nd
313 2416 422 2466 operandum
440 2417 508 2454 bonum
521 2416 554 2454 tibi
567 2427 593 2454 est
611 2420 719 2464 necessaria3
736 2430 780 2467 quae
797 2417 889 2454 latitudine

157 2478 247 2515 charitatis
260 2478 362 2527 acquiritur,
372 2477 472 2514 humilitate
487 2478 594 2523 custoditur,
603 2478 723 2524 poenitentiae
736 2476 816 2514 salutaris
830 2476 889 2513 studio

156 2547 274 2586 recuperatur.
288 2538 376 2574 Dominus
386 2545 446 2574 tecum
457 2540 490 2583 est,
500 2536 578 2586 quandiu
593 2549 633 2572 cum
643 2548 664 2572 eo
673 2535 726 2573 fueris
736 2535 782 2573 bona
792 2535 888 2572 voluntate.

156 2597 180 2634 Ut
193 2606 252 2633 autem
266 2597 341 2646 gratiam
354 2596 456 2633 devotionis
471 2597 556 2633 amissam
569 2608 674 2644 recuperare
688 2595 752 2642 valeas,
766 2603 837 2645 oportet
850 2595 889 2631 Deo

156 2655 174 2692 in
187 2668 228 2692 uera
245 2664 262 2692 tc
280 2655 380 2692 lmmilitate
398 2654 485 2693 subiicias.
506 2654 597 2700 Secundo,
613 2654 634 2691 ad
651 2654 803 2703 recuperationem
822 2654 888 2702 gratiae
