<?xml version="1.0" encoding="UTF-8"?>
<!DOCTYPE html PUBLIC "-//W3C//DTD XHTML 1.0 Transitional//EN"
    "http://www.w3.org/TR/xhtml1/DTD/xhtml1-transitional.dtd">
<html xmlns="http://www.w3.org/1999/xhtml" xml:lang="en" lang="en">
 <head>
  <title>
</title>
<meta http-equiv="Content-Type" content="text/html;charset=utf-8" />
  <meta name='ocr-system' content='tesseract 3.04.00' />
  <meta name='ocr-capabilities' content='ocr_page ocr_carea ocr_par ocr_line ocrx_word'/>
</head>
<body>
  <div class='ocr_page' id='page_1' title='image "MN5032ucmf_2_0134.png"; bbox 0 0 1968 3023; ppageno 0'>
   <div class='ocr_carea' id='block_1_1' title="bbox 147 172 678 222">
    <p class='ocr_par' dir='ltr' id='par_1_1' title="bbox 147 172 678 222">
     <span class='ocr_line' id='line_1_1' title="bbox 147 172 678 222; baseline 0.004 -14"><span class='ocrx_word' id='word_1_1' title='bbox 147 182 179 208; x_wconf 83' lang='lat' dir='ltr'>aaa</span> <span class='ocrx_word' id='word_1_2' title='bbox 344 172 370 209; x_wconf 86' lang='lat' dir='ltr'>Da</span> <span class='ocrx_word' id='word_1_3' title='bbox 382 185 445 216; x_wconf 73' lang='lat' dir='ltr'>satiatio,</span> <span class='ocrx_word' id='word_1_4' title='bbox 460 179 474 209; x_wconf 81' lang='lat' dir='ltr'>at</span> <span class='ocrx_word' id='word_1_5' title='bbox 486 173 544 222; x_wconf 80' lang='lat' dir='ltr'>uigilia</span> <span class='ocrx_word' id='word_1_6' title='bbox 557 172 678 211; x_wconf 64' lang='lat' dir='ltr'>almannus.</span> 
     </span>
    </p>
   </div>
   <div class='ocr_carea' id='block_1_2' title="bbox 35 254 920 2737">
    <p class='ocr_par' dir='ltr' id='par_1_2' title="bbox 35 254 920 2737">
     <span class='ocr_line' id='line_1_2' title="bbox 144 254 877 303; baseline 0.001 -13"><span class='ocrx_word' id='word_1_7' title='bbox 144 254 222 290; x_wconf 89' lang='lat' dir='ltr'>Difficile</span> <span class='ocrx_word' id='word_1_8' title='bbox 240 265 316 302; x_wconf 83' lang='lat' dir='ltr'>uanaque</span> <span class='ocrx_word' id='word_1_9' title='bbox 332 263 357 290; x_wconf 89' lang='lat' dir='ltr'>est</span> <span class='ocrx_word' id='word_1_10' title='bbox 376 254 457 303; x_wconf 86' lang='lat' dir='ltr'>longam,</span> <span class='ocrx_word' id='word_1_11' title='bbox 473 264 489 291; x_wconf 95' lang='lat' dir='ltr'>et</span> <span class='ocrx_word' id='word_1_12' title='bbox 506 255 623 292; x_wconf 76' lang='lat' dir='ltr'>diuturnitate</span> <span class='ocrx_word' id='word_1_13' title='bbox 641 256 756 292; x_wconf 81' lang='lat' dir='ltr'>inveteratam</span> <span class='ocrx_word' id='word_1_14' title='bbox 773 267 833 292; x_wconf 88' lang='lat' dir='ltr'>curare</span> <span class='ocrx_word' id='word_1_15' title='bbox 851 256 877 292; x_wconf 87' lang='lat' dir='ltr'>ia-</span> 
     </span>
     <span class='ocr_line' id='line_1_3' title="bbox 145 312 877 364; baseline 0.005 -16"><span class='ocrx_word' id='word_1_16' title='bbox 145 312 254 350; x_wconf 86' lang='lat' dir='ltr'>finnitatem.</span> <span class='ocrx_word' id='word_1_17' title='bbox 268 312 350 362; x_wconf 80' lang='lat' dir='ltr'>Regibus,</span> <span class='ocrx_word' id='word_1_18' title='bbox 365 324 381 351; x_wconf 91' lang='lat' dir='ltr'>et</span> <span class='ocrx_word' id='word_1_19' title='bbox 394 313 502 363; x_wconf 89' lang='lat' dir='ltr'>principibus</span> <span class='ocrx_word' id='word_1_20' title='bbox 516 316 590 352; x_wconf 88' lang='lat' dir='ltr'>terrenis</span> <span class='ocrx_word' id='word_1_21' title='bbox 604 324 669 363; x_wconf 90' lang='lat' dir='ltr'>quanta</span> <span class='ocrx_word' id='word_1_22' title='bbox 685 314 783 364; x_wconf 80' lang='lat' dir='ltr'>diligentia,</span> <span class='ocrx_word' id='word_1_23' title='bbox 796 324 812 351; x_wconf 93' lang='lat' dir='ltr'>et</span> <span class='ocrx_word' id='word_1_24' title='bbox 826 314 877 352; x_wconf 90' lang='lat' dir='ltr'>sedu-</span> 
     </span>
     <span class='ocr_line' id='line_1_4' title="bbox 144 371 877 423; baseline 0.001 -15"><span class='ocrx_word' id='word_1_25' title='bbox 144 371 192 408; x_wconf 85' lang='lat' dir='ltr'>litate</span> <span class='ocrx_word' id='word_1_26' title='bbox 207 372 269 409; x_wconf 90' lang='lat' dir='ltr'>famuli</span> <span class='ocrx_word' id='word_1_27' title='bbox 285 373 374 417; x_wconf 83' lang='lat' dir='ltr'>assistant,</span> <span class='ocrx_word' id='word_1_28' title='bbox 388 373 486 419; x_wconf 86' lang='lat' dir='ltr'>videamus,</span> <span class='ocrx_word' id='word_1_29' title='bbox 500 383 527 417; x_wconf 93' lang='lat' dir='ltr'>ut,</span> <span class='ocrx_word' id='word_1_30' title='bbox 542 373 695 423; x_wconf 87' lang='lat' dir='ltr'>quemadmodum</span> <span class='ocrx_word' id='word_1_31' title='bbox 713 387 772 411; x_wconf 88' lang='lat' dir='ltr'>coram</span> <span class='ocrx_word' id='word_1_32' title='bbox 788 374 832 420; x_wconf 89' lang='lat' dir='ltr'>Deo,</span> <span class='ocrx_word' id='word_1_33' title='bbox 846 374 877 423; x_wconf 90' lang='lat' dir='ltr'>qui</span> 
     </span>
     <span class='ocr_line' id='line_1_5' title="bbox 144 431 876 479; baseline 0.001 -11"><span class='ocrx_word' id='word_1_34' title='bbox 144 431 192 468; x_wconf 90' lang='lat' dir='ltr'>solus</span> <span class='ocrx_word' id='word_1_35' title='bbox 207 443 233 469; x_wconf 91' lang='lat' dir='ltr'>est</span> <span class='ocrx_word' id='word_1_36' title='bbox 246 431 283 468; x_wconf 85' lang='lat' dir='ltr'>Rex</span> <span class='ocrx_word' id='word_1_37' title='bbox 297 432 385 478; x_wconf 85' lang='lat' dir='ltr'>omnium,</span> <span class='ocrx_word' id='word_1_38' title='bbox 395 441 411 469; x_wconf 94' lang='lat' dir='ltr'>et</span> <span class='ocrx_word' id='word_1_39' title='bbox 420 432 508 469; x_wconf 85' lang='lat' dir='ltr'>Dominus</span> <span class='ocrx_word' id='word_1_40' title='bbox 522 434 653 479; x_wconf 86' lang='lat' dir='ltr'>universorum,</span> <span class='ocrx_word' id='word_1_41' title='bbox 667 434 684 469; x_wconf 91' lang='lat' dir='ltr'>in</span> <span class='ocrx_word' id='word_1_42' title='bbox 698 432 807 471; x_wconf 82' lang='lat' dir='ltr'>orationibus</span> <span class='ocrx_word' id='word_1_43' title='bbox 820 443 876 470; x_wconf 84' lang='lat' dir='ltr'>astare</span> 
     </span>
     <span class='ocr_line' id='line_1_6' title="bbox 144 490 875 540; baseline 0.001 -13"><span class='ocrx_word' id='word_1_44' title='bbox 144 504 176 527; x_wconf 93' lang='lat' dir='ltr'>nos</span> <span class='ocrx_word' id='word_1_45' title='bbox 190 490 264 536; x_wconf 83' lang='lat' dir='ltr'>deceat,</span> <span class='ocrx_word' id='word_1_46' title='bbox 279 504 314 528; x_wconf 92' lang='lat' dir='ltr'>non</span> <span class='ocrx_word' id='word_1_47' title='bbox 330 491 438 540; x_wconf 84' lang='lat' dir='ltr'>ignoremus</span> <span class='ocrx_word' id='word_1_48' title='bbox 452 491 505 528; x_wconf 83' lang='lat' dir='ltr'>Oculi</span> <span class='ocrx_word' id='word_1_49' title='bbox 523 493 605 529; x_wconf 91' lang='lat' dir='ltr'>omnium</span> <span class='ocrx_word' id='word_1_50' title='bbox 622 493 640 528; x_wconf 89' lang='lat' dir='ltr'>iu</span> <span class='ocrx_word' id='word_1_51' title='bbox 654 493 754 530; x_wconf 90' lang='lat' dir='ltr'>Dominum</span> <span class='ocrx_word' id='word_1_52' title='bbox 771 492 875 540; x_wconf 87' lang='lat' dir='ltr'>respiciunt,</span> 
     </span>
     <span class='ocr_line' id='line_1_7' title="bbox 144 550 876 601; baseline 0.003 -14"><span class='ocrx_word' id='word_1_53' title='bbox 144 550 195 588; x_wconf 91' lang='lat' dir='ltr'>etad</span> <span class='ocrx_word' id='word_1_54' title='bbox 209 562 273 587; x_wconf 93' lang='lat' dir='ltr'>nutum</span> <span class='ocrx_word' id='word_1_55' title='bbox 288 552 325 587; x_wconf 88' lang='lat' dir='ltr'>eius</span> <span class='ocrx_word' id='word_1_56' title='bbox 339 564 401 588; x_wconf 82' lang='lat' dir='ltr'>ortuaes</span> <span class='ocrx_word' id='word_1_57' title='bbox 419 560 436 587; x_wconf 90' lang='lat' dir='ltr'>et</span> <span class='ocrx_word' id='word_1_58' title='bbox 454 551 518 600; x_wconf 86' lang='lat' dir='ltr'>singuli</span> <span class='ocrx_word' id='word_1_59' title='bbox 536 551 674 601; x_wconf 84' lang='lat' dir='ltr'>diligentissime</span> <span class='ocrx_word' id='word_1_60' title='bbox 689 552 776 601; x_wconf 90' lang='lat' dir='ltr'>pendent,</span> <span class='ocrx_word' id='word_1_61' title='bbox 791 565 812 588; x_wconf 88' lang='lat' dir='ltr'>ne</span> <span class='ocrx_word' id='word_1_62' title='bbox 828 552 876 601; x_wconf 88' lang='lat' dir='ltr'>quid,</span> 
     </span>
     <span class='ocr_line' id='line_1_8' title="bbox 144 608 876 659; baseline 0.001 -14"><span class='ocrx_word' id='word_1_63' title='bbox 144 609 174 646; x_wconf 90' lang='lat' dir='ltr'>illo</span> <span class='ocrx_word' id='word_1_64' title='bbox 188 608 270 654; x_wconf 85' lang='lat' dir='ltr'>iubente,</span> <span class='ocrx_word' id='word_1_65' title='bbox 283 621 314 657; x_wconf 90' lang='lat' dir='ltr'>per</span> <span class='ocrx_word' id='word_1_66' title='bbox 330 609 458 657; x_wconf 79' lang='lat' dir='ltr'>negligentiam</span> <span class='ocrx_word' id='word_1_67' title='bbox 474 608 529 658; x_wconf 85' lang='lat' dir='ltr'>fugiat</span> <span class='ocrx_word' id='word_1_68' title='bbox 543 610 652 653; x_wconf 80' lang='lat' dir='ltr'>assistentes.</span> <span class='ocrx_word' id='word_1_69' title='bbox 666 611 712 647; x_wconf 91' lang='lat' dir='ltr'>Hinc</span> <span class='ocrx_word' id='word_1_70' title='bbox 726 611 779 659; x_wconf 90' lang='lat' dir='ltr'>igitur</span> <span class='ocrx_word' id='word_1_71' title='bbox 796 610 876 647; x_wconf 91' lang='lat' dir='ltr'>conside-</span> 
     </span>
     <span class='ocr_line' id='line_1_9' title="bbox 144 667 876 717; baseline 0.003 -14"><span class='ocrx_word' id='word_1_72' title='bbox 144 680 209 710; x_wconf 83' lang='lat' dir='ltr'>remus,</span> <span class='ocrx_word' id='word_1_73' title='bbox 223 677 288 717; x_wconf 89' lang='lat' dir='ltr'>quanta</span> <span class='ocrx_word' id='word_1_74' title='bbox 302 680 334 704; x_wconf 86' lang='lat' dir='ltr'>nos</span> <span class='ocrx_word' id='word_1_75' title='bbox 348 675 428 715; x_wconf 88' lang='lat' dir='ltr'>oporteat</span> <span class='ocrx_word' id='word_1_76' title='bbox 442 667 521 704; x_wconf 89' lang='lat' dir='ltr'>Domino</span> <span class='ocrx_word' id='word_1_77' title='bbox 535 668 574 705; x_wconf 88' lang='lat' dir='ltr'>Deo</span> <span class='ocrx_word' id='word_1_78' title='bbox 588 668 664 717; x_wconf 89' lang='lat' dir='ltr'>puritate</span> <span class='ocrx_word' id='word_1_79' title='bbox 683 669 700 705; x_wconf 90' lang='lat' dir='ltr'>in</span> <span class='ocrx_word' id='word_1_80' title='bbox 715 668 801 706; x_wconf 89' lang='lat' dir='ltr'>orationis</span> <span class='ocrx_word' id='word_1_81' title='bbox 814 670 876 717; x_wconf 85' lang='lat' dir='ltr'>synaxi</span> 
     </span>
     <span class='ocr_line' id='line_1_10' title="bbox 144 726 875 776; baseline 0 -12"><span class='ocrx_word' id='word_1_82' title='bbox 144 727 177 773; x_wconf 88' lang='lat' dir='ltr'>die,</span> <span class='ocrx_word' id='word_1_83' title='bbox 191 736 280 775; x_wconf 87' lang='lat' dir='ltr'>nocteque</span> <span class='ocrx_word' id='word_1_84' title='bbox 293 726 380 773; x_wconf 83' lang='lat' dir='ltr'>assistere,</span> <span class='ocrx_word' id='word_1_85' title='bbox 392 739 401 762; x_wconf 90' lang='lat' dir='ltr'>a</span> <span class='ocrx_word' id='word_1_86' title='bbox 414 739 449 775; x_wconf 93' lang='lat' dir='ltr'>quo</span> <span class='ocrx_word' id='word_1_87' title='bbox 463 739 536 776; x_wconf 89' lang='lat' dir='ltr'>regnum</span> <span class='ocrx_word' id='word_1_88' title='bbox 552 729 634 776; x_wconf 88' lang='lat' dir='ltr'>cupimus</span> <span class='ocrx_word' id='word_1_89' title='bbox 648 739 728 765; x_wconf 83' lang='lat' dir='ltr'>aeternae</span> <span class='ocrx_word' id='word_1_90' title='bbox 741 727 829 766; x_wconf 84' lang='lat' dir='ltr'>felicitatis</span> <span class='ocrx_word' id='word_1_91' title='bbox 843 729 875 764; x_wconf 92' lang='lat' dir='ltr'>im-</span> 
     </span>
     <span class='ocr_line' id='line_1_11' title="bbox 144 786 875 835; baseline 0.001 -12"><span class='ocrx_word' id='word_1_92' title='bbox 144 797 219 835; x_wconf 79' lang='lat' dir='ltr'>petrare,</span> <span class='ocrx_word' id='word_1_93' title='bbox 233 786 275 823; x_wconf 88' lang='lat' dir='ltr'>Non</span> <span class='ocrx_word' id='word_1_94' title='bbox 288 799 330 831; x_wconf 92' lang='lat' dir='ltr'>vox,</span> <span class='ocrx_word' id='word_1_95' title='bbox 345 800 381 823; x_wconf 94' lang='lat' dir='ltr'>non</span> <span class='ocrx_word' id='word_1_96' title='bbox 395 786 473 832; x_wconf 88' lang='lat' dir='ltr'>clamor;</span> <span class='ocrx_word' id='word_1_97' title='bbox 488 787 518 824; x_wconf 93' lang='lat' dir='ltr'>sed</span> <span class='ocrx_word' id='word_1_98' title='bbox 532 786 601 825; x_wconf 88' lang='lat' dir='ltr'>fervens</span> <span class='ocrx_word' id='word_1_99' title='bbox 618 788 636 823; x_wconf 91' lang='lat' dir='ltr'>in</span> <span class='ocrx_word' id='word_1_100' title='bbox 652 788 685 824; x_wconf 92' lang='lat' dir='ltr'>Dei</span> <span class='ocrx_word' id='word_1_101' title='bbox 701 788 785 825; x_wconf 80' lang='lat' dir='ltr'>charitate</span> <span class='ocrx_word' id='word_1_102' title='bbox 800 788 875 825; x_wconf 91' lang='lat' dir='ltr'>intentio</span> 
     </span>
     <span class='ocr_line' id='line_1_12' title="bbox 143 846 876 897; baseline -0.003 -12"><span class='ocrx_word' id='word_1_103' title='bbox 143 858 222 885; x_wconf 89' lang='lat' dir='ltr'>meretur</span> <span class='ocrx_word' id='word_1_104' title='bbox 241 846 379 884; x_wconf 89' lang='lat' dir='ltr'>exauditionem.</span> <span class='ocrx_word' id='word_1_105' title='bbox 397 846 540 885; x_wconf 88' lang='lat' dir='ltr'>Somnolentiam</span> <span class='ocrx_word' id='word_1_106' title='bbox 558 861 607 897; x_wconf 90' lang='lat' dir='ltr'>ergo,</span> <span class='ocrx_word' id='word_1_107' title='bbox 622 857 639 883; x_wconf 96' lang='lat' dir='ltr'>et</span> <span class='ocrx_word' id='word_1_108' title='bbox 656 858 748 896; x_wconf 88' lang='lat' dir='ltr'>torporem</span> <span class='ocrx_word' id='word_1_109' title='bbox 766 848 840 891; x_wconf 90' lang='lat' dir='ltr'>mentis,</span> <span class='ocrx_word' id='word_1_110' title='bbox 856 856 876 883; x_wconf 91' lang='lat' dir='ltr'>ut</span> 
     </span>
     <span class='ocr_line' id='line_1_13' title="bbox 143 906 875 956; baseline -0.003 -11"><span class='ocrx_word' id='word_1_111' title='bbox 143 907 194 944; x_wconf 93' lang='lat' dir='ltr'>letale</span> <span class='ocrx_word' id='word_1_112' title='bbox 208 919 297 944; x_wconf 89' lang='lat' dir='ltr'>venenum</span> <span class='ocrx_word' id='word_1_113' title='bbox 311 906 372 955; x_wconf 80' lang='lat' dir='ltr'>fugite,</span> <span class='ocrx_word' id='word_1_114' title='bbox 386 907 426 956; x_wconf 86' lang='lat' dir='ltr'>quia</span> <span class='ocrx_word' id='word_1_115' title='bbox 440 919 519 950; x_wconf 87' lang='lat' dir='ltr'>somnus,</span> <span class='ocrx_word' id='word_1_116' title='bbox 532 916 548 943; x_wconf 93' lang='lat' dir='ltr'>et</span> <span class='ocrx_word' id='word_1_117' title='bbox 563 908 622 944; x_wconf 88' lang='lat' dir='ltr'>ocium</span> <span class='ocrx_word' id='word_1_118' title='bbox 636 908 726 955; x_wconf 88' lang='lat' dir='ltr'>scaturigo</span> <span class='ocrx_word' id='word_1_119' title='bbox 739 917 780 944; x_wconf 89' lang='lat' dir='ltr'>sunt</span> <span class='ocrx_word' id='word_1_120' title='bbox 794 907 875 944; x_wconf 89' lang='lat' dir='ltr'>omnium</span> 
     </span>
     <span class='ocr_line' id='line_1_14' title="bbox 143 965 920 1014; baseline -0.001 -11"><span class='ocrx_word' id='word_1_121' title='bbox 143 967 235 1003; x_wconf 87' lang='lat' dir='ltr'>vitiorum.</span> <span class='ocrx_word' id='word_1_122' title='bbox 252 965 320 1002; x_wconf 90' lang='lat' dir='ltr'>Oculus</span> <span class='ocrx_word' id='word_1_123' title='bbox 339 975 398 1002; x_wconf 87' lang='lat' dir='ltr'>autem</span> <span class='ocrx_word' id='word_1_124' title='bbox 411 965 486 1014; x_wconf 87' lang='lat' dir='ltr'>vigilans</span> <span class='ocrx_word' id='word_1_125' title='bbox 504 966 587 1003; x_wconf 89' lang='lat' dir='ltr'>minister</span> <span class='ocrx_word' id='word_1_126' title='bbox 600 975 626 1002; x_wconf 91' lang='lat' dir='ltr'>est</span> <span class='ocrx_word' id='word_1_127' title='bbox 640 966 719 1002; x_wconf 90' lang='lat' dir='ltr'>internae</span> <span class='ocrx_word' id='word_1_128' title='bbox 733 966 844 1012; x_wconf 86' lang='lat' dir='ltr'>devotionis,</span> <span class='ocrx_word' id='word_1_129' title='bbox 858 976 875 1003; x_wconf 92' lang='lat' dir='ltr'>et</span> <span class='ocrx_word' id='word_1_130' title='bbox 918 970 920 974; x_wconf 81' lang='grc'>’</span> 
     </span>
     <span class='ocr_line' id='line_1_15' title="bbox 144 1024 874 1074; baseline 0 -12"><span class='ocrx_word' id='word_1_131' title='bbox 144 1026 250 1071; x_wconf 88' lang='lat' dir='ltr'>monachus,</span> <span class='ocrx_word' id='word_1_132' title='bbox 259 1026 289 1073; x_wconf 88' lang='lat' dir='ltr'>qui</span> <span class='ocrx_word' id='word_1_133' title='bbox 303 1025 361 1061; x_wconf 91' lang='lat' dir='ltr'>lesum</span> <span class='ocrx_word' id='word_1_134' title='bbox 371 1025 462 1062; x_wconf 86' lang='lat' dir='ltr'>Christum</span> <span class='ocrx_word' id='word_1_135' title='bbox 472 1027 557 1062; x_wconf 91' lang='lat' dir='ltr'>veraciter</span> <span class='ocrx_word' id='word_1_136' title='bbox 567 1025 632 1074; x_wconf 84' lang='lat' dir='ltr'>diligit,</span> <span class='ocrx_word' id='word_1_137' title='bbox 643 1024 663 1061; x_wconf 90' lang='lat' dir='ltr'>ab</span> <span class='ocrx_word' id='word_1_138' title='bbox 675 1026 725 1062; x_wconf 90' lang='lat' dir='ltr'>omni</span> <span class='ocrx_word' id='word_1_139' title='bbox 738 1025 874 1063; x_wconf 87' lang='lat' dir='ltr'>immoderantia</span> 
     </span>
     <span class='ocr_line' id='line_1_16' title="bbox 141 1084 874 1138; baseline 0.001 -17"><span class='ocrx_word' id='word_1_140' title='bbox 141 1099 162 1138; x_wconf 81' lang='lat' dir='ltr'>¹se</span> <span class='ocrx_word' id='word_1_141' title='bbox 175 1084 259 1122; x_wconf 87' lang='lat' dir='ltr'>custodit.</span> <span class='ocrx_word' id='word_1_142' title='bbox 273 1084 310 1128; x_wconf 90' lang='lat' dir='ltr'>Qui</span> <span class='ocrx_word' id='word_1_143' title='bbox 323 1084 398 1132; x_wconf 86' lang='lat' dir='ltr'>vigilans</span> <span class='ocrx_word' id='word_1_144' title='bbox 408 1092 440 1129; x_wconf 91' lang='lat' dir='ltr'>est,</span> <span class='ocrx_word' id='word_1_145' title='bbox 451 1094 529 1121; x_wconf 87' lang='lat' dir='ltr'>mentem</span> <span class='ocrx_word' id='word_1_146' title='bbox 544 1087 590 1121; x_wconf 88' lang='lat' dir='ltr'>acuit</span> <span class='ocrx_word' id='word_1_147' title='bbox 604 1084 727 1133; x_wconf 85' lang='lat' dir='ltr'>intelligentia,</span> <span class='ocrx_word' id='word_1_148' title='bbox 742 1086 818 1122; x_wconf 88' lang='lat' dir='ltr'>multum</span> <span class='ocrx_word' id='word_1_149' title='bbox 832 1097 874 1122; x_wconf 92' lang='lat' dir='ltr'>vero</span> 
     </span>
     <span class='ocr_line' id='line_1_17' title="bbox 52 1142 874 1193; baseline 0 -12"><span class='ocrx_word' id='word_1_150' title='bbox 52 1151 121 1185; x_wconf 74' lang='lat' dir='ltr'>vigilantia</span> <span class='ocrx_word' id='word_1_151' title='bbox 143 1145 234 1181; x_wconf 92' lang='lat' dir='ltr'>dormiens</span> <span class='ocrx_word' id='word_1_152' title='bbox 253 1142 351 1180; x_wconf 92' lang='lat' dir='ltr'>monachus</span> <span class='ocrx_word' id='word_1_153' title='bbox 365 1145 439 1192; x_wconf 84' lang='lat' dir='ltr'>turpiter</span> <span class='ocrx_word' id='word_1_154' title='bbox 452 1154 532 1180; x_wconf 83' lang='lat' dir='ltr'>excaecat</span> <span class='ocrx_word' id='word_1_155' title='bbox 545 1145 623 1181; x_wconf 79' lang='lat' dir='ltr'>araimam</span> <span class='ocrx_word' id='word_1_156' title='bbox 638 1157 693 1181; x_wconf 87' lang='lat' dir='ltr'>suam.</span> <span class='ocrx_word' id='word_1_157' title='bbox 710 1145 791 1193; x_wconf 89' lang='lat' dir='ltr'>Vigilaus</span> <span class='ocrx_word' id='word_1_158' title='bbox 804 1144 822 1181; x_wconf 87' lang='lat' dir='ltr'>in</span> <span class='ocrx_word' id='word_1_159' title='bbox 836 1157 874 1181; x_wconf 92' lang='lat' dir='ltr'>ora-</span> 
     </span>
     <span class='ocr_line' id='line_1_18' title="bbox 35 1186 875 1253; baseline 0 -13"><span class='ocrx_word' id='word_1_160' title='bbox 35 1186 121 1247; x_wconf 56' lang='lat' dir='ltr'>qpppapamn</span> <span class='ocrx_word' id='word_1_161' title='bbox 143 1204 200 1247; x_wconf 91' lang='lat' dir='ltr'>tione,</span> <span class='ocrx_word' id='word_1_162' title='bbox 215 1214 232 1239; x_wconf 91' lang='lat' dir='ltr'>et</span> <span class='ocrx_word' id='word_1_163' title='bbox 246 1203 313 1239; x_wconf 89' lang='lat' dir='ltr'>ieiunio</span> <span class='ocrx_word' id='word_1_164' title='bbox 327 1202 432 1245; x_wconf 90' lang='lat' dir='ltr'>monachus,</span> <span class='ocrx_word' id='word_1_165' title='bbox 446 1202 563 1239; x_wconf 84' lang='lat' dir='ltr'>forrnidabilis</span> <span class='ocrx_word' id='word_1_166' title='bbox 581 1213 607 1240; x_wconf 90' lang='lat' dir='ltr'>est</span> <span class='ocrx_word' id='word_1_167' title='bbox 624 1202 706 1241; x_wconf 89' lang='lat' dir='ltr'>diabolo:</span> <span class='ocrx_word' id='word_1_168' title='bbox 721 1205 750 1253; x_wconf 94' lang='lat' dir='ltr'>qui</span> <span class='ocrx_word' id='word_1_169' title='bbox 764 1214 822 1240; x_wconf 88' lang='lat' dir='ltr'>autem</span> <span class='ocrx_word' id='word_1_170' title='bbox 836 1202 875 1240; x_wconf 89' lang='lat' dir='ltr'>cibo</span> 
     </span>
     <span class='ocr_line' id='line_1_19' title="bbox 141 1261 873 1312; baseline 0.001 -13"><span class='ocrx_word' id='word_1_171' title='bbox 141 1263 226 1308; x_wconf 88' lang='lat' dir='ltr'>satiatur,</span> <span class='ocrx_word' id='word_1_172' title='bbox 242 1271 259 1298; x_wconf 89' lang='lat' dir='ltr'>et</span> <span class='ocrx_word' id='word_1_173' title='bbox 272 1274 348 1307; x_wconf 88' lang='lat' dir='ltr'>somno,</span> <span class='ocrx_word' id='word_1_174' title='bbox 363 1275 372 1298; x_wconf 89' lang='lat' dir='ltr'>a</span> <span class='ocrx_word' id='word_1_175' title='bbox 385 1262 449 1310; x_wconf 86' lang='lat' dir='ltr'>spiritu</span> <span class='ocrx_word' id='word_1_176' title='bbox 462 1261 585 1299; x_wconf 82' lang='lat' dir='ltr'>fornicationis</span> <span class='ocrx_word' id='word_1_177' title='bbox 600 1275 636 1299; x_wconf 90' lang='lat' dir='ltr'>non</span> <span class='ocrx_word' id='word_1_178' title='bbox 650 1264 759 1311; x_wconf 86' lang='lat' dir='ltr'>permittitur</span> <span class='ocrx_word' id='word_1_179' title='bbox 778 1264 873 1312; x_wconf 90' lang='lat' dir='ltr'>quiescere.</span> 
     </span>
     <span class='ocr_line' id='line_1_20' title="bbox 141 1319 874 1372; baseline 0.003 -15"><span class='ocrx_word' id='word_1_180' title='bbox 141 1321 207 1369; x_wconf 89' lang='lat' dir='ltr'>Vigilia</span> <span class='ocrx_word' id='word_1_181' title='bbox 221 1320 269 1356; x_wconf 91' lang='lat' dir='ltr'>enim</span> <span class='ocrx_word' id='word_1_182' title='bbox 281 1319 391 1357; x_wconf 87' lang='lat' dir='ltr'>orationibus</span> <span class='ocrx_word' id='word_1_183' title='bbox 400 1319 457 1356; x_wconf 85' lang='lat' dir='ltr'>dicata</span> <span class='ocrx_word' id='word_1_184' title='bbox 466 1319 555 1357; x_wconf 87' lang='lat' dir='ltr'>fervorem</span> <span class='ocrx_word' id='word_1_185' title='bbox 565 1320 630 1369; x_wconf 86' lang='lat' dir='ltr'>frangit</span> <span class='ocrx_word' id='word_1_186' title='bbox 640 1320 724 1365; x_wconf 87' lang='lat' dir='ltr'>luxuriae,</span> <span class='ocrx_word' id='word_1_187' title='bbox 735 1322 794 1370; x_wconf 84' lang='lat' dir='ltr'>ignem</span> <span class='ocrx_word' id='word_1_188' title='bbox 803 1335 874 1372; x_wconf 90' lang='lat' dir='ltr'>quoque</span> 
     </span>
     <span class='ocr_line' id='line_1_21' title="bbox 141 1379 874 1428; baseline 0.004 -13"><span class='ocrx_word' id='word_1_189' title='bbox 141 1380 220 1416; x_wconf 92' lang='lat' dir='ltr'>valenter</span> <span class='ocrx_word' id='word_1_190' title='bbox 234 1379 321 1428; x_wconf 86' lang='lat' dir='ltr'>extinguit</span> <span class='ocrx_word' id='word_1_191' title='bbox 331 1380 490 1428; x_wconf 89' lang='lat' dir='ltr'>concupiscentiae,</span> <span class='ocrx_word' id='word_1_192' title='bbox 500 1380 563 1417; x_wconf 89' lang='lat' dir='ltr'>intima</span> <span class='ocrx_word' id='word_1_193' title='bbox 576 1379 635 1417; x_wconf 90' lang='lat' dir='ltr'>cordis</span> <span class='ocrx_word' id='word_1_194' title='bbox 649 1380 735 1428; x_wconf 85' lang='lat' dir='ltr'>purificat,</span> <span class='ocrx_word' id='word_1_195' title='bbox 747 1389 824 1418; x_wconf 91' lang='lat' dir='ltr'>mentem</span> <span class='ocrx_word' id='word_1_196' title='bbox 835 1381 874 1418; x_wconf 93' lang='lat' dir='ltr'>illu-</span> 
     </span>
     <span class='ocr_line' id='line_1_22' title="bbox 141 1438 874 1489; baseline 0.001 -13"><span class='ocrx_word' id='word_1_197' title='bbox 141 1441 203 1484; x_wconf 90' lang='lat' dir='ltr'>minat,</span> <span class='ocrx_word' id='word_1_198' title='bbox 214 1440 297 1476; x_wconf 86' lang='lat' dir='ltr'>affectum</span> <span class='ocrx_word' id='word_1_199' title='bbox 307 1439 329 1475; x_wconf 90' lang='lat' dir='ltr'>ad</span> <span class='ocrx_word' id='word_1_200' title='bbox 338 1452 418 1476; x_wconf 87' lang='lat' dir='ltr'>amorem</span> <span class='ocrx_word' id='word_1_201' title='bbox 433 1438 534 1476; x_wconf 89' lang='lat' dir='ltr'>caelestium</span> <span class='ocrx_word' id='word_1_202' title='bbox 549 1440 654 1477; x_wconf 87' lang='lat' dir='ltr'>inflammat.</span> <span class='ocrx_word' id='word_1_203' title='bbox 668 1440 735 1489; x_wconf 88' lang='lat' dir='ltr'>Vigilia</span> <span class='ocrx_word' id='word_1_204' title='bbox 745 1451 774 1478; x_wconf 88' lang='lat' dir='ltr'>est</span> <span class='ocrx_word' id='word_1_205' title='bbox 787 1439 874 1477; x_wconf 89' lang='lat' dir='ltr'>bonarum</span> 
     </span>
     <span class='ocr_line' id='line_1_23' title="bbox 142 1499 873 1549; baseline 0 -13"><span class='ocrx_word' id='word_1_206' title='bbox 142 1500 272 1549; x_wconf 89' lang='lat' dir='ltr'>cogitationum</span> <span class='ocrx_word' id='word_1_207' title='bbox 288 1512 356 1547; x_wconf 90' lang='lat' dir='ltr'>parens,</span> <span class='ocrx_word' id='word_1_208' title='bbox 366 1500 430 1542; x_wconf 89' lang='lat' dir='ltr'>nutrix,</span> <span class='ocrx_word' id='word_1_209' title='bbox 440 1508 493 1548; x_wconf 91' lang='lat' dir='ltr'>atque</span> <span class='ocrx_word' id='word_1_210' title='bbox 507 1499 592 1544; x_wconf 88' lang='lat' dir='ltr'>custodia,</span> <span class='ocrx_word' id='word_1_211' title='bbox 605 1500 724 1537; x_wconf 88' lang='lat' dir='ltr'>tentationum</span> <span class='ocrx_word' id='word_1_212' title='bbox 738 1500 804 1548; x_wconf 90' lang='lat' dir='ltr'>antiqui</span> <span class='ocrx_word' id='word_1_213' title='bbox 817 1500 873 1538; x_wconf 88' lang='lat' dir='ltr'>hostis</span> 
     </span>
     <span class='ocr_line' id='line_1_24' title="bbox 142 1556 872 1607; baseline 0 -12"><span class='ocrx_word' id='word_1_214' title='bbox 142 1569 189 1595; x_wconf 91' lang='lat' dir='ltr'>certa</span> <span class='ocrx_word' id='word_1_215' title='bbox 202 1558 282 1602; x_wconf 89' lang='lat' dir='ltr'>victoria,</span> <span class='ocrx_word' id='word_1_216' title='bbox 293 1558 437 1607; x_wconf 84' lang='lat' dir='ltr'>phantasmatum</span> <span class='ocrx_word' id='word_1_217' title='bbox 447 1556 494 1606; x_wconf 81' lang='lat' dir='ltr'>fuga,</span> <span class='ocrx_word' id='word_1_218' title='bbox 504 1572 553 1596; x_wconf 90' lang='lat' dir='ltr'>mors</span> <span class='ocrx_word' id='word_1_219' title='bbox 562 1559 656 1605; x_wconf 88' lang='lat' dir='ltr'>vitiorum,</span> <span class='ocrx_word' id='word_1_220' title='bbox 665 1559 707 1605; x_wconf 86' lang='lat' dir='ltr'>vita,</span> <span class='ocrx_word' id='word_1_221' title='bbox 717 1569 734 1595; x_wconf 88' lang='lat' dir='ltr'>et</span> <span class='ocrx_word' id='word_1_222' title='bbox 742 1559 782 1596; x_wconf 84' lang='lat' dir='ltr'>fons</span> <span class='ocrx_word' id='word_1_223' title='bbox 792 1560 872 1596; x_wconf 91' lang='lat' dir='ltr'>omnium</span> 
     </span>
     <span class='ocr_line' id='line_1_25' title="bbox 141 1617 873 1667; baseline 0.003 -13"><span class='ocrx_word' id='word_1_224' title='bbox 141 1618 234 1655; x_wconf 84' lang='lat' dir='ltr'>virtutum.</span> <span class='ocrx_word' id='word_1_225' title='bbox 248 1617 326 1654; x_wconf 88' lang='lat' dir='ltr'>Somnus</span> <span class='ocrx_word' id='word_1_226' title='bbox 339 1629 398 1655; x_wconf 86' lang='lat' dir='ltr'>autem</span> <span class='ocrx_word' id='word_1_227' title='bbox 413 1617 480 1654; x_wconf 92' lang='lat' dir='ltr'>multus</span> <span class='ocrx_word' id='word_1_228' title='bbox 494 1631 562 1664; x_wconf 87' lang='lat' dir='ltr'>comes,</span> <span class='ocrx_word' id='word_1_229' title='bbox 572 1628 589 1655; x_wconf 89' lang='lat' dir='ltr'>et</span> <span class='ocrx_word' id='word_1_230' title='bbox 601 1618 649 1655; x_wconf 89' lang='lat' dir='ltr'>fotor</span> <span class='ocrx_word' id='word_1_231' title='bbox 662 1617 746 1665; x_wconf 77' lang='lat' dir='ltr'>libidinis,</span> <span class='ocrx_word' id='word_1_232' title='bbox 754 1628 814 1667; x_wconf 85' lang='lat' dir='ltr'>raptor</span> <span class='ocrx_word' id='word_1_233' title='bbox 828 1620 873 1656; x_wconf 90' lang='lat' dir='ltr'>vitae</span> 
     </span>
     <span class='ocr_line' id='line_1_26' title="bbox 141 1676 872 1725; baseline 0 -11"><span class='ocrx_word' id='word_1_234' title='bbox 141 1678 227 1723; x_wconf 88' lang='lat' dir='ltr'>hominis,</span> <span class='ocrx_word' id='word_1_235' title='bbox 238 1678 298 1725; x_wconf 87' lang='lat' dir='ltr'>imago</span> <span class='ocrx_word' id='word_1_236' title='bbox 307 1678 377 1723; x_wconf 86' lang='lat' dir='ltr'>mortis,</span> <span class='ocrx_word' id='word_1_237' title='bbox 386 1676 480 1714; x_wconf 84' lang='lat' dir='ltr'>oblivionis</span> <span class='ocrx_word' id='word_1_238' title='bbox 494 1677 605 1723; x_wconf 90' lang='lat' dir='ltr'>conciliator,</span> <span class='ocrx_word' id='word_1_239' title='bbox 615 1678 689 1715; x_wconf 89' lang='lat' dir='ltr'>inertiae</span> <span class='ocrx_word' id='word_1_240' title='bbox 698 1679 781 1715; x_wconf 83' lang='lat' dir='ltr'>coniunx.</span> <span class='ocrx_word' id='word_1_241' title='bbox 794 1677 872 1714; x_wconf 89' lang='lat' dir='ltr'>Somnus</span> 
     </span>
     <span class='ocr_line' id='line_1_27' title="bbox 141 1736 872 1786; baseline 0.001 -13"><span class='ocrx_word' id='word_1_242' title='bbox 141 1737 270 1774; x_wconf 85' lang='lat' dir='ltr'>immoderatus</span> <span class='ocrx_word' id='word_1_243' title='bbox 283 1736 394 1774; x_wconf 79' lang='lat' dir='ltr'>stomachum</span> <span class='ocrx_word' id='word_1_244' title='bbox 409 1738 511 1786; x_wconf 88' lang='lat' dir='ltr'>corrumpit,</span> <span class='ocrx_word' id='word_1_245' title='bbox 526 1737 619 1774; x_wconf 89' lang='lat' dir='ltr'>cerebrum</span> <span class='ocrx_word' id='word_1_246' title='bbox 633 1737 692 1781; x_wconf 89' lang='lat' dir='ltr'>laedit,</span> <span class='ocrx_word' id='word_1_247' title='bbox 707 1750 771 1786; x_wconf 88' lang='lat' dir='ltr'>corpus</span> <span class='ocrx_word' id='word_1_248' title='bbox 784 1737 843 1782; x_wconf 89' lang='lat' dir='ltr'>simul,</span> <span class='ocrx_word' id='word_1_249' title='bbox 855 1748 872 1774; x_wconf 89' lang='lat' dir='ltr'>et</span> 
     </span>
     <span class='ocr_line' id='line_1_28' title="bbox 141 1791 872 1846; baseline 0 -12"><span class='ocrx_word' id='word_1_250' title='bbox 141 1798 219 1834; x_wconf 87' lang='lat' dir='ltr'>animam</span> <span class='ocrx_word' id='word_1_251' title='bbox 239 1796 327 1833; x_wconf 89' lang='lat' dir='ltr'>dissolvit.</span> <span class='ocrx_word' id='word_1_252' title='bbox 347 1797 445 1834; x_wconf 87' lang='lat' dir='ltr'>Monachus</span> <span class='ocrx_word' id='word_1_253' title='bbox 465 1796 568 1846; x_wconf 90' lang='lat' dir='ltr'>frequenter</span> <span class='ocrx_word' id='word_1_254' title='bbox 587 1810 653 1834; x_wconf 93' lang='lat' dir='ltr'>somno</span> <span class='ocrx_word' id='word_1_255' title='bbox 671 1796 750 1844; x_wconf 90' lang='lat' dir='ltr'>deditus,</span> <span class='ocrx_word' id='word_1_256' title='bbox 767 1791 872 1845; x_wconf 86' lang='lat' dir='ltr'>sapientiam</span> 
     </span>
     <span class='ocr_line' id='line_1_29' title="bbox 140 1857 872 1907; baseline -0.001 -13"><span class='ocrx_word' id='word_1_257' title='bbox 140 1858 214 1906; x_wconf 91' lang='lat' dir='ltr'>spernit,</span> <span class='ocrx_word' id='word_1_258' title='bbox 224 1857 322 1894; x_wconf 91' lang='lat' dir='ltr'>castitatem</span> <span class='ocrx_word' id='word_1_259' title='bbox 333 1857 427 1905; x_wconf 90' lang='lat' dir='ltr'>prostituit,</span> <span class='ocrx_word' id='word_1_260' title='bbox 437 1857 506 1894; x_wconf 87' lang='lat' dir='ltr'>animae</span> <span class='ocrx_word' id='word_1_261' title='bbox 516 1858 591 1894; x_wconf 88' lang='lat' dir='ltr'>salutem</span> <span class='ocrx_word' id='word_1_262' title='bbox 601 1857 681 1907; x_wconf 85' lang='lat' dir='ltr'>negligit,</span> <span class='ocrx_word' id='word_1_263' title='bbox 691 1867 761 1907; x_wconf 89' lang='lat' dir='ltr'>tempus</span> <span class='ocrx_word' id='word_1_264' title='bbox 770 1857 872 1906; x_wconf 90' lang='lat' dir='ltr'>preciosum</span> 
     </span>
     <span class='ocr_line' id='line_1_30' title="bbox 140 1915 871 1967; baseline 0 -14"><span class='ocrx_word' id='word_1_265' title='bbox 140 1916 205 1965; x_wconf 85' lang='lat' dir='ltr'>perdit,</span> <span class='ocrx_word' id='word_1_266' title='bbox 220 1926 300 1953; x_wconf 91' lang='lat' dir='ltr'>mentem</span> <span class='ocrx_word' id='word_1_267' title='bbox 313 1915 404 1963; x_wconf 86' lang='lat' dir='ltr'>interficit,</span> <span class='ocrx_word' id='word_1_268' title='bbox 414 1916 457 1953; x_wconf 84' lang='lat' dir='ltr'>vitia</span> <span class='ocrx_word' id='word_1_269' title='bbox 469 1918 530 1954; x_wconf 91' lang='lat' dir='ltr'>nutrit.</span> <span class='ocrx_word' id='word_1_270' title='bbox 545 1917 632 1967; x_wconf 88' lang='lat' dir='ltr'>Quisquis</span> <span class='ocrx_word' id='word_1_271' title='bbox 646 1917 701 1966; x_wconf 88' lang='lat' dir='ltr'>igitur</span> <span class='ocrx_word' id='word_1_272' title='bbox 713 1927 798 1961; x_wconf 90' lang='lat' dir='ltr'>vestrum,</span> <span class='ocrx_word' id='word_1_273' title='bbox 812 1929 871 1953; x_wconf 81' lang='lat' dir='ltr'>amart-</span> 
     </span>
     <span class='ocr_line' id='line_1_31' title="bbox 140 1974 870 2025; baseline -0.001 -12"><span class='ocrx_word' id='word_1_274' title='bbox 140 1977 205 2013; x_wconf 88' lang='lat' dir='ltr'>tissimi</span> <span class='ocrx_word' id='word_1_275' title='bbox 225 1975 299 2021; x_wconf 85' lang='lat' dir='ltr'>fratres,</span> <span class='ocrx_word' id='word_1_276' title='bbox 313 1975 334 2011; x_wconf 88' lang='lat' dir='ltr'>ad</span> <span class='ocrx_word' id='word_1_277' title='bbox 347 1988 432 2023; x_wconf 91' lang='lat' dir='ltr'>supernae</span> <span class='ocrx_word' id='word_1_278' title='bbox 446 1974 547 2013; x_wconf 82' lang='lat' dir='ltr'>foelicitatis</span> <span class='ocrx_word' id='word_1_279' title='bbox 565 1976 645 2025; x_wconf 88' lang='lat' dir='ltr'>requiem</span> <span class='ocrx_word' id='word_1_280' title='bbox 663 1977 756 2024; x_wconf 89' lang='lat' dir='ltr'>pervenire</span> <span class='ocrx_word' id='word_1_281' title='bbox 773 1974 870 2021; x_wconf 86' lang='lat' dir='ltr'>desiderat,</span> 
     </span>
     <span class='ocr_line' id='line_1_32' title="bbox 140 2034 871 2084; baseline -0.001 -12"><span class='ocrx_word' id='word_1_282' title='bbox 140 2049 214 2073; x_wconf 89' lang='lat' dir='ltr'>omnem</span> <span class='ocrx_word' id='word_1_283' title='bbox 228 2049 237 2072; x_wconf 87' lang='lat' dir='ltr'>a</span> <span class='ocrx_word' id='word_1_284' title='bbox 251 2048 269 2072; x_wconf 91' lang='lat' dir='ltr'>se</span> <span class='ocrx_word' id='word_1_285' title='bbox 283 2045 380 2083; x_wconf 91' lang='lat' dir='ltr'>torporem,</span> <span class='ocrx_word' id='word_1_286' title='bbox 394 2045 411 2072; x_wconf 95' lang='lat' dir='ltr'>et</span> <span class='ocrx_word' id='word_1_287' title='bbox 424 2035 513 2083; x_wconf 86' lang='lat' dir='ltr'>ignaviam</span> <span class='ocrx_word' id='word_1_288' title='bbox 527 2037 592 2072; x_wconf 88' lang='lat' dir='ltr'>mentis</span> <span class='ocrx_word' id='word_1_289' title='bbox 606 2034 677 2072; x_wconf 85' lang='lat' dir='ltr'>fortiter</span> <span class='ocrx_word' id='word_1_290' title='bbox 690 2035 771 2084; x_wconf 90' lang='lat' dir='ltr'>repellat,</span> <span class='ocrx_word' id='word_1_291' title='bbox 786 2034 840 2071; x_wconf 88' lang='lat' dir='ltr'>discat</span> <span class='ocrx_word' id='word_1_292' title='bbox 853 2036 871 2071; x_wconf 93' lang='lat' dir='ltr'>in</span> 
     </span>
     <span class='ocr_line' id='line_1_33' title="bbox 140 2094 871 2144; baseline -0.001 -12"><span class='ocrx_word' id='word_1_293' title='bbox 140 2096 203 2144; x_wconf 90' lang='lat' dir='ltr'>primis</span> <span class='ocrx_word' id='word_1_294' title='bbox 217 2094 334 2142; x_wconf 87' lang='lat' dir='ltr'>semetipsum</span> <span class='ocrx_word' id='word_1_295' title='bbox 348 2095 424 2138; x_wconf 89' lang='lat' dir='ltr'>vincere,</span> <span class='ocrx_word' id='word_1_296' title='bbox 438 2103 457 2130; x_wconf 92' lang='lat' dir='ltr'>ut</span> <span class='ocrx_word' id='word_1_297' title='bbox 471 2094 542 2131; x_wconf 89' lang='lat' dir='ltr'>hostem</span> <span class='ocrx_word' id='word_1_298' title='bbox 556 2095 617 2132; x_wconf 89' lang='lat' dir='ltr'>salutis</span> <span class='ocrx_word' id='word_1_299' title='bbox 631 2107 672 2131; x_wconf 86' lang='lat' dir='ltr'>suae</span> <span class='ocrx_word' id='word_1_300' title='bbox 686 2094 776 2132; x_wconf 86' lang='lat' dir='ltr'>diabolum</span> <span class='ocrx_word' id='word_1_301' title='bbox 790 2094 871 2143; x_wconf 89' lang='lat' dir='ltr'>deinceps</span> 
     </span>
     <span class='ocr_line' id='line_1_34' title="bbox 139 2151 871 2204; baseline -0.003 -12"><span class='ocrx_word' id='word_1_302' title='bbox 139 2156 197 2192; x_wconf 89' lang='lat' dir='ltr'>valeat</span> <span class='ocrx_word' id='word_1_303' title='bbox 211 2167 299 2204; x_wconf 89' lang='lat' dir='ltr'>superare.</span> <span class='ocrx_word' id='word_1_304' title='bbox 313 2154 410 2192; x_wconf 89' lang='lat' dir='ltr'>Enimvero</span> <span class='ocrx_word' id='word_1_305' title='bbox 423 2154 456 2190; x_wconf 90' lang='lat' dir='ltr'>nisi</span> <span class='ocrx_word' id='word_1_306' title='bbox 470 2154 543 2198; x_wconf 91' lang='lat' dir='ltr'>malum,</span> <span class='ocrx_word' id='word_1_307' title='bbox 558 2154 605 2203; x_wconf 87' lang='lat' dir='ltr'>quod</span> <span class='ocrx_word' id='word_1_308' title='bbox 618 2155 636 2191; x_wconf 90' lang='lat' dir='ltr'>in</span> <span class='ocrx_word' id='word_1_309' title='bbox 649 2151 667 2191; x_wconf 89' lang='lat' dir='ltr'>te</span> <span class='ocrx_word' id='word_1_310' title='bbox 681 2165 713 2200; x_wconf 90' lang='lat' dir='ltr'>est,</span> <span class='ocrx_word' id='word_1_311' title='bbox 728 2155 775 2203; x_wconf 89' lang='lat' dir='ltr'>prius</span> <span class='ocrx_word' id='word_1_312' title='bbox 789 2155 871 2191; x_wconf 90' lang='lat' dir='ltr'>extermi-</span> 
     </span>
     <span class='ocr_line' id='line_1_35' title="bbox 139 2213 870 2264; baseline -0.001 -13"><span class='ocrx_word' id='word_1_313' title='bbox 139 2216 218 2261; x_wconf 89' lang='lat' dir='ltr'>naveris,</span> <span class='ocrx_word' id='word_1_314' title='bbox 231 2214 285 2255; x_wconf 85' lang='lat' dir='ltr'>illud,</span> <span class='ocrx_word' id='word_1_315' title='bbox 300 2213 347 2263; x_wconf 92' lang='lat' dir='ltr'>quod</span> <span class='ocrx_word' id='word_1_316' title='bbox 361 2214 478 2251; x_wconf 86' lang='lat' dir='ltr'>adventitium</span> <span class='ocrx_word' id='word_1_317' title='bbox 492 2224 524 2260; x_wconf 85' lang='lat' dir='ltr'>est,</span> <span class='ocrx_word' id='word_1_318' title='bbox 538 2214 609 2264; x_wconf 89' lang='lat' dir='ltr'>quando</span> <span class='ocrx_word' id='word_1_319' title='bbox 623 2213 726 2263; x_wconf 86' lang='lat' dir='ltr'>superabis?</span> <span class='ocrx_word' id='word_1_320' title='bbox 739 2215 791 2251; x_wconf 85' lang='lat' dir='ltr'>Disce</span> <span class='ocrx_word' id='word_1_321' title='bbox 804 2215 870 2262; x_wconf 92' lang='lat' dir='ltr'>passio-</span> 
     </span>
     <span class='ocr_line' id='line_1_36' title="bbox 139 2272 870 2323; baseline -0.001 -12"><span class='ocrx_word' id='word_1_322' title='bbox 139 2274 191 2311; x_wconf 88' lang='lat' dir='ltr'>nibus</span> <span class='ocrx_word' id='word_1_323' title='bbox 205 2276 293 2323; x_wconf 88' lang='lat' dir='ltr'>impetate</span> <span class='ocrx_word' id='word_1_324' title='bbox 306 2273 347 2319; x_wconf 86' lang='lat' dir='ltr'>tuis,</span> <span class='ocrx_word' id='word_1_325' title='bbox 357 2282 373 2310; x_wconf 89' lang='lat' dir='ltr'>et</span> <span class='ocrx_word' id='word_1_326' title='bbox 386 2273 452 2319; x_wconf 88' lang='lat' dir='ltr'>omniu,</span> <span class='ocrx_word' id='word_1_327' title='bbox 466 2285 510 2322; x_wconf 85' lang='lat' dir='ltr'>quae</span> <span class='ocrx_word' id='word_1_328' title='bbox 523 2272 567 2310; x_wconf 84' lang='lat' dir='ltr'>fotis</span> <span class='ocrx_word' id='word_1_329' title='bbox 580 2272 669 2318; x_wconf 89' lang='lat' dir='ltr'>accidunt,</span> <span class='ocrx_word' id='word_1_330' title='bbox 683 2272 776 2310; x_wconf 88' lang='lat' dir='ltr'>adiuvante</span> <span class='ocrx_word' id='word_1_331' title='bbox 785 2272 870 2317; x_wconf 89' lang='lat' dir='ltr'>Domino,</span> 
     </span>
     <span class='ocr_line' id='line_1_37' title="bbox 139 2324 871 2381; baseline -0.003 -11"><span class='ocrx_word' id='word_1_332' title='bbox 139 2333 189 2370; x_wconf 86' lang='lat' dir='ltr'>facile</span> <span class='ocrx_word' id='word_1_333' title='bbox 203 2331 300 2381; x_wconf 89' lang='lat' dir='ltr'>superabis.</span> <span class='ocrx_word' id='word_1_334' title='bbox 314 2332 372 2380; x_wconf 88' lang='lat' dir='ltr'>Purga</span> <span class='ocrx_word' id='word_1_335' title='bbox 386 2342 463 2369; x_wconf 72' lang='lat' dir='ltr'>raseratem</span> <span class='ocrx_word' id='word_1_336' title='bbox 478 2331 498 2368; x_wconf 89' lang='lat' dir='ltr'>ab</span> <span class='ocrx_word' id='word_1_337' title='bbox 512 2333 562 2369; x_wconf 77' lang='lat' dir='ltr'>omiti</span> <span class='ocrx_word' id='word_1_338' title='bbox 576 2332 721 2380; x_wconf 84' lang='lat' dir='ltr'>concupiscentia</span> <span class='ocrx_word' id='word_1_339' title='bbox 734 2324 838 2378; x_wconf 84' lang='lat' dir='ltr'>inordinata,</span> <span class='ocrx_word' id='word_1_340' title='bbox 852 2342 871 2368; x_wconf 92' lang='lat' dir='ltr'>ut</span> 
     </span>
     <span class='ocr_line' id='line_1_38' title="bbox 138 2390 870 2441; baseline -0.001 -12"><span class='ocrx_word' id='word_1_341' title='bbox 138 2392 198 2429; x_wconf 90' lang='lat' dir='ltr'>solum</span> <span class='ocrx_word' id='word_1_342' title='bbox 211 2393 270 2429; x_wconf 88' lang='lat' dir='ltr'>lesum</span> <span class='ocrx_word' id='word_1_343' title='bbox 279 2392 297 2427; x_wconf 93' lang='lat' dir='ltr'>in</span> <span class='ocrx_word' id='word_1_344' title='bbox 307 2392 379 2428; x_wconf 88' lang='lat' dir='ltr'>veritate</span> <span class='ocrx_word' id='word_1_345' title='bbox 393 2392 516 2441; x_wconf 86' lang='lat' dir='ltr'>superomnia</span> <span class='ocrx_word' id='word_1_346' title='bbox 532 2391 602 2441; x_wconf 78' lang='lat' dir='ltr'>diligas,</span> <span class='ocrx_word' id='word_1_347' title='bbox 617 2403 657 2427; x_wconf 91' lang='lat' dir='ltr'>cum</span> <span class='ocrx_word' id='word_1_348' title='bbox 672 2404 708 2440; x_wconf 90' lang='lat' dir='ltr'>quo</span> <span class='ocrx_word' id='word_1_349' title='bbox 721 2390 797 2439; x_wconf 86' lang='lat' dir='ltr'>gaudere</span> <span class='ocrx_word' id='word_1_350' title='bbox 810 2392 828 2428; x_wconf 89' lang='lat' dir='ltr'>in</span> <span class='ocrx_word' id='word_1_351' title='bbox 842 2404 870 2428; x_wconf 93' lang='lat' dir='ltr'>ae·</span> 
     </span>
     <span class='ocr_line' id='line_1_39' title="bbox 139 2447 870 2499; baseline -0.003 -11"><span class='ocrx_word' id='word_1_352' title='bbox 139 2461 209 2488; x_wconf 90' lang='lat' dir='ltr'>ternum</span> <span class='ocrx_word' id='word_1_353' title='bbox 223 2463 289 2499; x_wconf 87' lang='lat' dir='ltr'>speras.</span> <span class='ocrx_word' id='word_1_354' title='bbox 303 2450 361 2487; x_wconf 90' lang='lat' dir='ltr'>Nemo</span> <span class='ocrx_word' id='word_1_355' title='bbox 375 2460 435 2487; x_wconf 88' lang='lat' dir='ltr'>autem</span> <span class='ocrx_word' id='word_1_356' title='bbox 448 2463 488 2486; x_wconf 92' lang='lat' dir='ltr'>cum</span> <span class='ocrx_word' id='word_1_357' title='bbox 502 2450 575 2488; x_wconf 85' lang='lat' dir='ltr'>Christo</span> <span class='ocrx_word' id='word_1_358' title='bbox 589 2447 669 2498; x_wconf 87' lang='lat' dir='ltr'>regnabit</span> <span class='ocrx_word' id='word_1_359' title='bbox 682 2450 700 2486; x_wconf 94' lang='lat' dir='ltr'>in</span> <span class='ocrx_word' id='word_1_360' title='bbox 714 2449 772 2496; x_wconf 91' lang='lat' dir='ltr'>coelis,</span> <span class='ocrx_word' id='word_1_361' title='bbox 786 2450 816 2498; x_wconf 93' lang='lat' dir='ltr'>qui</span> <span class='ocrx_word' id='word_1_362' title='bbox 829 2462 870 2486; x_wconf 88' lang='lat' dir='ltr'>eum</span> 
     </span>
     <span class='ocr_line' id='line_1_40' title="bbox 139 2508 871 2559; baseline -0.001 -13"><span class='ocrx_word' id='word_1_363' title='bbox 139 2511 203 2547; x_wconf 88' lang='lat' dir='ltr'>sanctis</span> <span class='ocrx_word' id='word_1_364' title='bbox 219 2509 300 2546; x_wconf 89' lang='lat' dir='ltr'>moribus</span> <span class='ocrx_word' id='word_1_365' title='bbox 316 2522 352 2547; x_wconf 90' lang='lat' dir='ltr'>non</span> <span class='ocrx_word' id='word_1_366' title='bbox 365 2510 444 2547; x_wconf 86' lang='lat' dir='ltr'>imitatur</span> <span class='ocrx_word' id='word_1_367' title='bbox 457 2511 474 2546; x_wconf 91' lang='lat' dir='ltr'>in</span> <span class='ocrx_word' id='word_1_368' title='bbox 487 2511 548 2554; x_wconf 88' lang='lat' dir='ltr'>terris,</span> <span class='ocrx_word' id='word_1_369' title='bbox 562 2519 623 2547; x_wconf 84' lang='lat' dir='ltr'>sancta</span> <span class='ocrx_word' id='word_1_370' title='bbox 637 2508 706 2545; x_wconf 89' lang='lat' dir='ltr'>dicente</span> <span class='ocrx_word' id='word_1_371' title='bbox 720 2508 819 2559; x_wconf 85' lang='lat' dir='ltr'>Scriptura:</span> <span class='ocrx_word' id='word_1_372' title='bbox 833 2509 871 2553; x_wconf 87' lang='lat' dir='ltr'>Qui</span> 
     </span>
     <span class='ocr_line' id='line_1_41' title="bbox 139 2566 870 2617; baseline 0 -12"><span class='ocrx_word' id='word_1_373' title='bbox 139 2570 182 2606; x_wconf 92' lang='lat' dir='ltr'>dicit</span> <span class='ocrx_word' id='word_1_374' title='bbox 195 2582 214 2605; x_wconf 88' lang='lat' dir='ltr'>se</span> <span class='ocrx_word' id='word_1_375' title='bbox 228 2571 245 2606; x_wconf 89' lang='lat' dir='ltr'>in</span> <span class='ocrx_word' id='word_1_376' title='bbox 259 2569 332 2606; x_wconf 86' lang='lat' dir='ltr'>Christo</span> <span class='ocrx_word' id='word_1_377' title='bbox 348 2582 424 2614; x_wconf 88' lang='lat' dir='ltr'>manere,</span> <span class='ocrx_word' id='word_1_378' title='bbox 438 2568 493 2612; x_wconf 89' lang='lat' dir='ltr'>debet,</span> <span class='ocrx_word' id='word_1_379' title='bbox 508 2570 554 2606; x_wconf 86' lang='lat' dir='ltr'>sicut</span> <span class='ocrx_word' id='word_1_380' title='bbox 567 2568 596 2606; x_wconf 93' lang='lat' dir='ltr'>ille</span> <span class='ocrx_word' id='word_1_381' title='bbox 610 2566 713 2613; x_wconf 82' lang='lat' dir='ltr'>ambulavit,</span> <span class='ocrx_word' id='word_1_382' title='bbox 728 2578 745 2604; x_wconf 90' lang='lat' dir='ltr'>et</span> <span class='ocrx_word' id='word_1_383' title='bbox 759 2569 796 2617; x_wconf 90' lang='lat' dir='ltr'>ipse</span> <span class='ocrx_word' id='word_1_384' title='bbox 808 2567 870 2605; x_wconf 87' lang='lat' dir='ltr'>ambu-</span> 
     </span>
     <span class='ocr_line' id='line_1_42' title="bbox 138 2627 870 2678; baseline -0.003 -12"><span class='ocrx_word' id='word_1_385' title='bbox 138 2629 180 2667; x_wconf 86' lang='lat' dir='ltr'>lare.</span> <span class='ocrx_word' id='word_1_386' title='bbox 195 2630 285 2666; x_wconf 90' lang='lat' dir='ltr'>Dominus</span> <span class='ocrx_word' id='word_1_387' title='bbox 299 2630 365 2666; x_wconf 91' lang='lat' dir='ltr'>etenim</span> <span class='ocrx_word' id='word_1_388' title='bbox 380 2630 438 2672; x_wconf 88' lang='lat' dir='ltr'>lesus,</span> <span class='ocrx_word' id='word_1_389' title='bbox 452 2630 482 2678; x_wconf 87' lang='lat' dir='ltr'>qui</span> <span class='ocrx_word' id='word_1_390' title='bbox 497 2642 529 2666; x_wconf 90' lang='lat' dir='ltr'>sua</span> <span class='ocrx_word' id='word_1_391' title='bbox 546 2629 579 2666; x_wconf 89' lang='lat' dir='ltr'>nos</span> <span class='ocrx_word' id='word_1_392' title='bbox 595 2638 654 2665; x_wconf 89' lang='lat' dir='ltr'>morte</span> <span class='ocrx_word' id='word_1_393' title='bbox 671 2627 692 2664; x_wconf 93' lang='lat' dir='ltr'>ab</span> <span class='ocrx_word' id='word_1_394' title='bbox 709 2629 781 2665; x_wconf 91' lang='lat' dir='ltr'>interitu</span> <span class='ocrx_word' id='word_1_395' title='bbox 798 2627 870 2665; x_wconf 89' lang='lat' dir='ltr'>damna-</span> 
     </span>
     <span class='ocr_line' id='line_1_43' title="bbox 100 2687 869 2737; baseline -0.001 -11"><span class='ocrx_word' id='word_1_396' title='bbox 100 2694 103 2702; x_wconf 82' lang='grc'><em>’</em></span> <span class='ocrx_word' id='word_1_397' title='bbox 138 2689 192 2726; x_wconf 90' lang='lat' dir='ltr'>tionis</span> <span class='ocrx_word' id='word_1_398' title='bbox 210 2699 291 2726; x_wconf 88' lang='lat' dir='ltr'>aeternae</span> <span class='ocrx_word' id='word_1_399' title='bbox 308 2688 398 2733; x_wconf 90' lang='lat' dir='ltr'>liberavit,</span> <span class='ocrx_word' id='word_1_400' title='bbox 415 2690 451 2737; x_wconf 92' lang='lat' dir='ltr'>ipse</span> <span class='ocrx_word' id='word_1_401' title='bbox 469 2688 557 2726; x_wconf 87' lang='lat' dir='ltr'>mediator</span> <span class='ocrx_word' id='word_1_402' title='bbox 571 2689 615 2734; x_wconf 92' lang='lat' dir='ltr'>Dei,</span> <span class='ocrx_word' id='word_1_403' title='bbox 631 2696 648 2724; x_wconf 89' lang='lat' dir='ltr'>et</span> <span class='ocrx_word' id='word_1_404' title='bbox 663 2687 758 2725; x_wconf 92' lang='lat' dir='ltr'>hominum</span> <span class='ocrx_word' id='word_1_405' title='bbox 770 2687 869 2725; x_wconf 86' lang='lat' dir='ltr'>voluntarie</span> 
     </span>
    </p>
   </div>
   <div class='ocr_carea' id='block_1_3' title="bbox 0 0 988 3023">
    <p class='ocr_par' dir='ltr' id='par_1_3' title="bbox 0 0 988 3023">
     <span class='ocr_line' id='line_1_44' title="bbox 0 0 988 3023; baseline 0 2"><span class='ocrx_word' id='word_1_406' title='bbox 0 0 988 3023; x_wconf 95' lang='lat' dir='ltr'> </span> 
     </span>
    </p>
   </div>
  </div>
 </body>
</html>
