1968 3023
144 163 166 209 58
331 161 357 198 Dc
370 161 450 208 trimodia,
464 168 478 198 ct
492 161 552 211 origine
565 161 687 211 cogitationum.

88 268 92 276 .
119 268 122 275 .
143 240 217 278 nulum
231 240 251 276 ln
264 250 325 278 sancto
339 255 411 290 quoqne
424 239 455 278 Iob
469 241 494 278 sie
508 241 593 290 legimus:
607 241 668 290 Pepigi
681 240 744 278 foedus
762 254 802 279 cum
821 241 878 279 oculis

42 661 92 688 Eccles.
101 669 122 695 27.

45 2218 79 2245 Psal.
90 2217 118 2244 113.

144 301 194 345 meis,
208 311 263 337 utne
280 301 377 350 cogitarem
396 296 477 351 quidde
494 301 569 351 virgine.
583 301 647 338 ineos
665 314 712 346 veto,
729 302 759 351 qui
777 302 878 340 ministerio

143 372 228 397 sensuum
247 370 351 397 corruerunt
364 362 381 397 in
396 361 466 398 foueam
484 371 603 409 peccatorum,
619 361 644 397 sic
661 361 750 399 Dominus
769 370 879 399 contestatur

143 432 174 469 per
188 419 295 468 Proplretam
309 420 429 458 Hieremiam:
443 421 490 464 Quia
503 420 582 457 ascendit
595 433 644 458 mors
658 433 688 469 per
701 420 787 458 fenestras
801 430 877 467 vestras,

143 481 223 529 ingressu
237 489 262 516 est
276 479 339 517 domos
353 489 419 517 vestras
433 478 535 529 disperdere
553 480 636 528 parvulos
654 480 724 523 deforis,
739 489 756 516 et
769 481 843 518 iuuenes
857 480 878 518 de

143 539 211 588 plateis.
226 539 276 575 Mors
293 551 324 587 per
342 538 427 576 fenestras
445 539 510 576 domos
528 549 598 576 nostras
616 539 719 588 ingreditur,
733 541 803 588 quoties
817 540 878 589 iniqua

144 599 229 648 cogitatio
242 610 273 647 per
286 598 404 644 ministerium
418 599 473 645 visus,
486 598 514 635 vel
530 599 601 636 auditus
614 598 635 636 ad
649 608 728 636 mentem
745 599 877 637 intromittitur.

142 658 212 695 Domus
226 658 272 693 enim
287 657 395 694 conscientia
408 667 441 703 est,
456 657 478 694 de
492 671 526 706 qun
540 659 627 707 scriptura
641 657 693 700 dicit:
707 658 747 696 Nisi
760 667 777 694 te
792 658 877 695 instanter

143 719 221 755 tenueris
234 718 253 754 in
266 717 331 755 timore
344 718 423 762 Domini,
439 718 474 755 cito
488 717 602 755 subvertetur
615 717 679 755 domus
693 728 727 762 tua,
741 718 789 767 quod
799 727 826 755 est
836 730 877 754 con-

143 776 222 814 scientia.
235 776 305 814 Domus
319 777 363 813 haec
376 775 444 825 fragilis
458 785 484 813 est
498 776 581 821 multum,
592 786 609 814 et
618 778 653 814 cito
667 776 780 822 subvertitur,
789 778 823 814 nisi
836 789 877 814 con-

142 837 194 873 tinuo
207 836 291 873 exercitio
305 837 375 872 timoris
388 835 463 873 Domini
481 835 577 873 muniatur.
590 837 629 874 Nisi
646 838 692 874 euim
710 837 799 874 Domitius
818 846 877 874 custo·

143 896 195 933 dicrit
209 895 290 942 domum,
305 896 370 934 frustra
383 895 451 945 vigilat,
465 897 495 946 qui
509 896 586 934 custodit
599 910 644 934 enm.
653 898 728 934 Timore
737 897 792 944 igitur
803 897 877 934 Domini

143 955 238 993 munienda
252 965 278 992 est
292 955 356 993 domus
370 957 495 993 conscientiae.
509 956 574 993 Sensus
588 970 657 1006 quoque
671 956 806 1006 diligentissime
824 955 877 994 relte-

143 1015 196 1053 nandi
210 1024 261 1061 sunt3
276 1016 317 1063 quia
330 1014 421 1051 custodire
435 1016 554 1063 cogitationes
567 1028 607 1052 suas
620 1029 656 1053 non
670 1015 739 1060 sufficit,
749 1017 779 1064 qui
793 1028 851 1061 autes,
860 1024 877 1051 et

143 1075 205 1113 oculos
215 1074 235 1111 ab
245 1075 338 1112 occasione
352 1074 394 1111 mali
403 1087 441 1112 non
450 1075 519 1112 avertit.
528 1075 595 1124 ltaque,
605 1077 620 1112 si
632 1075 657 1112 uis
667 1076 795 1124 cogitationum
805 1084 876 1112 tuarum

144 1146 203 1172 custos
218 1147 255 1170 esse
269 1134 351 1182 prudens,
361 1144 378 1170 et
392 1146 444 1170 verus
459 1143 577 1183 congregator
590 1134 647 1171 cordis
660 1135 678 1171 iu
692 1135 783 1171 sanctitate
796 1134 877 1180 Domini,

143 1195 181 1243 sepi
194 1206 245 1231 autes
258 1204 296 1230 tuas
310 1193 365 1240 spinis
380 1193 523 1241 compunctionis
537 1193 607 1230 timoris
622 1194 663 1240 Dei,
677 1206 699 1230 ne
712 1193 783 1230 audiant
800 1193 875 1239 malum,

143 1264 160 1291 et
173 1254 236 1290 oculos
249 1262 309 1289 auerte
322 1262 369 1299 tuos,
383 1264 405 1288 ne
418 1264 450 1301 pet
464 1253 523 1288 visum
537 1252 650 1289 introducant
664 1262 762 1301 peccatum.
776 1252 832 1296 Quod
844 1251 876 1289 tibi

142 1326 178 1351 nou
196 1312 237 1349 licet
255 1311 384 1360 concupiscere,
403 1310 440 1348 noli
459 1323 500 1348 cum
518 1310 604 1348 desiderio
621 1311 689 1349 videte:
707 1323 729 1358 et,
747 1310 795 1361 quod
812 1311 877 1349 habete

142 1385 178 1411 non
192 1371 269 1421 expedit,
282 1371 319 1408 noli
333 1371 416 1419 cogitare.
431 1370 485 1407 Multi
498 1371 588 1419 perierunt
601 1371 699 1409 ministerio
713 1383 804 1417 sensuum,
813 1381 835 1415 et,
845 1372 875 1420 qui

141 1430 201 1468 videre
215 1432 284 1467 incaute
293 1439 369 1478 pergunt
378 1439 458 1475 exterum
471 1430 542 1478 saepius
555 1430 640 1466 interiora
649 1443 680 1467 sua
689 1429 734 1468 bona
743 1431 818 1479 turpiter
832 1431 876 1468 ami-

140 1500 208 1528 serunt.
222 1490 259 1533 Qui
272 1502 308 1526 non
321 1489 373 1525 timet
386 1488 492 1537 periculum,
506 1490 542 1526 iam
556 1498 603 1526 certe
617 1502 673 1539 prope
690 1490 781 1527 interitum
799 1499 835 1529 est:
853 1501 875 1534 et,

141 1550 172 1600 qui
185 1549 207 1586 de
221 1561 252 1585 sua
265 1549 330 1585 virtute
344 1548 447 1596 praesumit,
461 1547 482 1584 ad
497 1549 566 1585 ruinam
579 1549 647 1597 peccati
656 1548 759 1585 festinanter
769 1549 829 1587 currit,
839 1549 876 1593 Qui

141 1608 215 1646 oculum
227 1607 285 1643 uibrat
298 1607 316 1644 in
330 1606 485 1644 choruscationum
500 1605 582 1655 fulguris,
598 1606 718 1644 excaecabitur
732 1607 753 1644 ad
765 1608 838 1644 boram:
853 1616 876 1654 et,

140 1669 169 1718 qui
188 1666 288 1705 considerat
306 1666 384 1716 speciem
401 1665 488 1709 mulieris,
502 1678 538 1703 non
557 1667 589 1703 erit
604 1667 688 1703 immunis
702 1680 711 1703 a
724 1666 809 1715 periculo⁴
827 1666 876 1703 lllius

140 1726 194 1764 laudo
208 1725 322 1776 prudentiam
334 1725 425 1771 monachi,
440 1726 471 1773 qui
485 1725 502 1761 in
515 1726 576 1762 medio
590 1724 681 1762 turbatum
695 1734 722 1761 est
735 1725 791 1771 solus,
806 1735 824 1762 et
834 1739 876 1762 sen-

140 1787 188 1824 sibus
202 1786 238 1822 suis
253 1785 346 1834 praeponit
360 1797 460 1830 censorem,
474 1797 496 1821 ne
510 1783 553 1834 quid
562 1784 670 1821 intromittat
682 1785 724 1821 mali
737 1784 758 1821 ad
771 1785 875 1823 Dominam.

140 1846 205 1884 Statuit
218 1845 266 1881 iuxta
280 1854 349 1892 portum
365 1842 453 1889 custodes,
467 1845 497 1893 qui
511 1843 570 1893 gladio
584 1853 602 1880 et
615 1844 660 1881 fuste
674 1844 759 1892 repellant
772 1845 790 1881 in
802 1857 876 1893 compo·

139 1906 172 1943 site
186 1906 279 1941 irruentes.
293 1903 358 1940 Timor
372 1903 420 1939 enim
434 1903 508 1940 Domini
522 1913 592 1940 sanctus
605 1916 697 1952 nunquam
713 1896 778 1940 deserit
795 1913 875 1940 mentem

139 1965 173 2003 viri
187 1964 276 2013 sapientis,
290 1963 321 1999 sed
334 1973 418 2012 tanquam
432 1963 482 2011 pugil
495 1963 552 2007 fortis,
563 1973 579 2000 et
589 1962 663 2011 vigilans
676 1975 746 2011 semper
755 1963 776 2000 ad
786 1962 832 2000 latus
841 1973 875 2000 stat

140 2024 232 2074 principis
245 2023 268 2059 ita
286 2021 363 2058 custodit
381 2021 478 2058 Dominam
497 2020 561 2059 cordis.
575 2021 646 2058 Avertit
663 2034 714 2058 aures
731 2034 771 2058 suas
787 2020 807 2058 ab
825 2022 875 2060 omni

139 2083 245 2121 scurrilitate
259 2079 362 2126 verborum,
375 2089 392 2116 et
406 2079 473 2116 claudit
487 2080 549 2116 oculos
563 2092 610 2124 suos,
624 2092 646 2116 ne
660 2079 730 2116 videant
740 2080 814 2117 malum.
824 2080 874 2118 Sem-

139 2156 171 2194 per
184 2142 250 2180 incedit
267 2142 315 2177 iuxta
333 2139 460 2177 duodecimum
478 2138 584 2176 humilitatis
602 2139 677 2188 gradum
694 2139 755 2176 defixis
773 2141 790 2177 in
808 2149 873 2177 terram

139 2202 245 2252 aspectibus,
261 2213 313 2251 omns
332 2212 372 2236 cum
389 2199 478 2248 propheta
491 2199 511 2236 nd
526 2199 636 2235 Dominum:
655 2201 720 2236 Avette
737 2199 799 2236 oculos
817 2213 873 2243 meos,

139 2276 160 2300 ne
174 2262 245 2298 videant
258 2260 359 2302 vanitatem,
373 2259 391 2294 in
405 2259 433 2295 via
447 2269 477 2295 tua
491 2256 561 2294 vivifica
574 2270 603 2294 me
617 2258 700 2294 Domine.
714 2258 740 2294 lta
753 2271 785 2295 vos
798 2270 872 2304 moneo,

139 2320 210 2366 iratres,
225 2331 286 2355 sensus
302 2328 371 2355 vestros
380 2319 398 2353 in
408 2318 472 2354 timore
486 2317 561 2353 Domini
575 2315 652 2365 dirigite,
662 2327 681 2353 ut
690 2316 747 2352 cordis
761 2316 874 2354 domicilium

140 2391 210 2428 semper
220 2376 314 2423 mundum,
325 2386 341 2413 et
350 2375 455 2413 inuiolatum
464 2376 537 2424 possitis
548 2374 644 2412 custodire.
654 2375 764 2412 Mementote
775 2377 873 2424 scripturae

86 2470 89 2477 .
108 2458 119 2477 ε,
139 2439 222 2476 dicentis:
237 2435 355 2482 blundumini,
364 2436 394 2485 qui
404 2434 453 2472 fertis
462 2447 504 2471 vasa
512 2434 594 2471 Domini.
604 2433 720 2471 Considerate
732 2447 799 2483 precor,
809 2444 874 2484 quanta

141 2507 223 2547 oporteat
236 2510 268 2534 vos
281 2498 337 2533 nitere
350 2495 445 2541 munditia,
460 2506 476 2532 et
490 2495 567 2544 puritate
583 2494 655 2540 mentis,
670 2495 699 2543 qui
714 2507 750 2532 non
767 2494 827 2531 solum
843 2499 886 2531 ra-'

140 2559 190 2595 tione
203 2556 269 2593 ordinis
284 2555 397 2593 sacerdotalis
414 2567 456 2592 vasa
473 2555 547 2591 Domini
565 2553 621 2601 fertis,
636 2553 666 2590 sed
684 2553 731 2602 quod
749 2563 774 2590 est
791 2554 874 2602 amplius,

141 2619 196 2654 etiam
213 2629 245 2653 uos
263 2616 296 2663 ipsi
313 2627 353 2651 vasa
370 2615 445 2651 Domini
462 2614 510 2651 estis.
528 2614 575 2650 Dicit
593 2614 640 2650 enim
653 2621 723 2650 sanctus
741 2612 873 2662 Clrristophilus

139 2676 216 2716 Paulus:
231 2675 311 2720 Nescitis,
326 2674 410 2724 quoniam
425 2686 500 2723 corpora
509 2683 568 2712 vestra
577 2672 656 2710 membra
664 2682 705 2710 sunt
714 2672 780 2711 Christi
787 2673 796 2720 3'
806 2672 828 2710 Et
839 2672 873 2711 ite·
