1968 3023
424 159 480 197 Suana
496 159 534 196 Vll.
811 170 846 207 227

111 241 214 288 laudabilis,
229 255 264 291 quo
275 249 296 279 'se
310 243 384 279 creatori
400 243 433 278 suo
447 256 468 279 ex
483 255 545 279 amore
563 251 642 279 creatura
659 242 738 286 subiicit,
752 241 847 280 obediendi

111 303 206 339 necessitas
219 302 237 338 in
251 302 341 340 monacho
354 301 426 339 laudem
437 301 479 339 boni
493 303 551 350 operis
565 315 600 339 non
615 302 684 347 minuit,
696 302 726 339 sed
739 301 846 351 anrpliorem

112 361 160 399 facit.
174 362 191 400 O
206 361 259 398 foelix
272 362 402 399 monachorum
417 363 523 406 necessitas;
537 374 581 412 quae
595 362 616 398 de
630 362 685 399 bonae
699 361 795 399 voluntatis
808 361 847 398 the-

111 434 163 458 sauro
175 422 250 470 sumpsit
264 422 362 466 exordium,
373 431 391 458 et
400 421 493 459 ordinatur
506 421 527 458 ad
542 421 600 468 finem,
609 422 639 471 qui
649 422 697 459 Deus
707 431 738 468 est,
748 421 847 458 inconuuu·

111 480 164 518 tabile
176 480 249 519 bonum.
263 482 337 518 Maioris
351 491 378 518 est
391 481 455 528 laudis,
469 481 598 518 excellentioris
613 491 638 518 est
652 482 716 525 meriti,
726 491 743 517 et
757 479 847 517 abundari·

112 540 162 577 tioris
172 551 198 577 est
211 542 291 589 praemii,
301 542 370 578 ratione
379 543 416 579 voti
430 540 497 579 bonum
512 554 556 590 opus
570 553 591 576 ex
605 540 704 580 obedientia
718 540 781 585 facere,
794 553 846 589 quani

112 601 126 636 si
142 599 171 636 fiat
189 601 226 636 sine
242 609 284 637 voto
303 613 323 636 ex
341 602 424 649 propriae
444 601 541 638 voluntatis
561 599 646 638 libertate.
666 598 766 637 Monachus
787 609 847 636 autem

113 661 191 709 seipsum
205 669 270 706 totum,
282 670 299 696 et
307 673 385 698 omnem
399 660 510 699 voluntatem
523 674 573 697 suam
587 661 626 698 Deo
636 660 694 697 semel
708 658 777 706 obtulit,
788 668 805 695 et
814 659 847 695 sibi

113 718 156 756 nihil
169 721 240 767 penitus
253 720 356 757 reservavit,
373 720 465 769 Quicquid
478 719 510 757 sub
525 719 626 757 obedientia
639 718 681 756 boni
694 718 743 764 facit,
758 717 779 755 ad
793 718 847 755 finem

113 788 213 826 assumptae
227 778 320 827 religionis
329 791 362 827 pru
372 778 439 816 Christi
449 792 510 816 amore
523 779 618 816 servandae
632 778 728 823 reducitur,
740 777 846 814 cuinullum

113 849 157 885 opus
171 846 212 885 post
225 838 331 887 martyrium
346 847 465 886 comparatur⁴
479 839 516 882 Qui
526 839 563 875 sine
573 847 616 875 voto
626 839 719 875 continens
733 849 758 874 est
772 835 793 874 ab
807 846 847 873 actu

111 908 193 940 venereo,
207 909 261 933 uuam
273 897 359 934 virtutem
373 905 463 945 operatur,
477 911 521 947 quae
534 899 640 943 nominatur
651 898 728 934 castitas:
744 898 774 947 qui
787 905 848 933 autem

113 954 194 993 observat
210 969 249 993 eam
267 957 336 994 ratione
349 957 397 1001 voti,
411 956 464 994 altius
481 957 570 1006 graditur5
584 957 669 1006 quoniam
683 958 704 995 ad
717 955 846 1005 perfectionem

113 1016 168 1053 totius
186 1016 286 1064 religionis,
302 1030 355 1066 quain
374 1016 466 1065 professus
480 1027 511 1061 est,
525 1017 604 1067 singulae
617 1018 691 1054 virtutes
707 1016 787 1054 ordinate
803 1016 832 1054 ref
841 1038 847 1044 -

113 1084 182 1112 runtur.
196 1075 236 1112 Plus
250 1077 297 1112 eninr
308 1085 334 1112 est
344 1075 407 1124 religio
421 1077 520 1114 monastica
533 1086 576 1120 tota,
591 1090 642 1125 quam
657 1090 691 1114 una
704 1077 759 1113 virtus
772 1077 846 1125 privata.

112 1134 164 1178 Nam,
174 1135 204 1184 qui
213 1134 266 1172 offert
274 1136 314 1173 Deo
324 1135 393 1174 bonum
403 1149 454 1187 opus,
464 1135 512 1185 quod
526 1137 563 1173 sine
573 1135 672 1173 obedientia
685 1136 732 1182 fecit,
742 1136 759 1173 id
771 1146 848 1185 praestat
865 1157 867 1159 ·
908 1129 910 1133 Α

113 1194 177 1237 solum,
188 1194 288 1243 relinquens
298 1194 331 1231 sibi
345 1195 393 1244 quod
407 1196 464 1231 maius
478 1205 509 1239 est,
524 1196 622 1244 potentiam
635 1195 704 1244 agendi,
717 1196 770 1232 simul
780 1204 797 1232 et
806 1208 848 1244 pro-

113 1254 169 1302 priam
183 1253 299 1291 voluntatem.
316 1254 416 1291 Monachus
434 1265 502 1297 autern¹
517 1256 547 1304 qui
561 1267 583 1291 ex
597 1253 707 1291 obedientiae
721 1265 763 1291 voto
781 1253 848 1304 aliquid

112 1311 155 1348 facit
168 1321 240 1361 propter
254 1313 320 1359 Deum,
335 1312 467 1356 excellentioris
481 1323 507 1351 est
520 1313 589 1360 irretiti,
603 1314 686 1363 quoniam
696 1322 714 1350 et
723 1324 781 1350 actum
795 1313 848 1350 offert

113 1372 158 1418 Deo,
172 1381 188 1408 et
202 1373 301 1420 potentiam
315 1371 384 1421 agendi.
397 1373 456 1411 Nemo
470 1373 518 1410 eninr
529 1373 568 1410 Deo
581 1373 621 1421 plus
635 1372 705 1419 obtulit,
721 1386 773 1422 qiram
787 1386 848 1411 mona·

113 1430 162 1477 chus,
172 1432 201 1480 qui
215 1432 333 1480 semetipsum
347 1431 400 1470 dedit.
412 1433 470 1470 Huius
484 1443 544 1470 autem
558 1434 602 1481 sexti
615 1432 680 1482 gradus
694 1432 774 1470 nonnulli
787 1445 847 1469 ascen-

113 1501 162 1525 sores
182 1489 270 1538 quendam
284 1489 302 1526 in
316 1503 334 1526 se
352 1489 442 1527 defectum
462 1490 554 1540 superbiae
574 1490 639 1528 liabent
658 1490 792 1536 absconditum,
807 1491 848 1540 quia

113 1548 154 1585 dunt
168 1548 189 1585 ad
202 1549 271 1596 seipsos
284 1549 355 1586 incaute
369 1550 472 1598 respiciunt,
486 1549 555 1587 divinae
569 1550 663 1596 voluntati,
678 1551 724 1587 sicut
737 1559 847 1599 oportuerat,

113 1620 149 1644 non
159 1608 176 1644 in
186 1607 268 1645 omnibus
278 1622 297 1645 se
306 1609 428 1646 committunt.
437 1610 454 1646 ts
464 1622 507 1646 vero
521 1610 600 1648 defectus
612 1623 633 1646 cx
643 1609 718 1659 quadarn
733 1608 848 1646 subtilissima

112 1666 189 1703 vanitate
202 1668 257 1704 sumit
271 1667 371 1714 exordium,
384 1669 427 1706 dum
441 1670 511 1706 animus
525 1683 567 1707 suae
579 1670 652 1717 puritati
665 1668 761 1715 confidens,
774 1668 848 1705 revelari

113 1725 146 1763 sibi
161 1740 171 1763 a
184 1727 263 1764 Domino
281 1728 325 1776 petit
343 1727 416 1777 aliquod
436 1739 530 1766 secretum.
547 1729 569 1765 Et
583 1729 600 1765 in
613 1729 648 1766 hoc
661 1741 697 1765 uuo
711 1728 756 1764 sexti
772 1727 848 1764 climatis

113 1798 214 1823 ascensores
228 1786 293 1824 distant
306 1799 316 1823 a
329 1788 416 1837 septimis,
426 1788 456 1836 qui
470 1788 509 1824 Deo
523 1788 617 1837 mancipati
631 1788 681 1836 signa
694 1787 785 1837 refugiunt
798 1789 847 1825 vani-

113 1846 158 1882 tatis
176 1845 229 1896 Signa
247 1847 293 1883 enim
312 1859 348 1883 non
363 1846 455 1890 fidelibus,
470 1846 500 1884 sed
514 1846 614 1884 infidelibus
628 1846 668 1884 data
681 1856 731 1884 sunt:
745 1846 792 1883 unde
808 1860 847 1884 nro-

113 1904 187 1950 arelius,
198 1905 227 1954 qui
240 1906 311 1955 signum
326 1918 335 1942 a
348 1906 428 1943 Domino
442 1906 525 1954 postulat¹
541 1905 588 1955 quod
601 1919 620 1943 se
633 1905 703 1943 divinae
716 1906 804 1943 voluntati
818 1906 848 1943 ad-

113 1964 234 2013 lrucperfecte
247 1977 283 2001 non
296 1963 406 2010 submiserit,
421 1964 528 2002 manifestat.
543 1965 642 2013 Septimum
655 1965 752 2002 ascendunt
765 1965 848 2015 gradum,

114 2025 143 2074 qui
153 2025 213 2061 omnia
226 2024 337 2072 praescripta·
347 2024 478 2062 studiosissime
491 2025 599 2071 custodiunt,
610 2034 626 2061 et
635 2025 675 2062 Deo
685 2026 703 2062 in
712 2025 795 2062 omnibus
807 2018 848 2061 sub-

113 2084 153 2121 iecti
168 2085 206 2121 sine
218 2084 287 2121 macula
299 2084 384 2120 vanitatis
397 2084 466 2134 vivunt.
480 2085 575 2121 Peccatum
589 2097 642 2122 onrne
656 2094 692 2122 taur
705 2085 780 2132 veniale,
794 2098 848 2134 quam

113 2143 189 2181 mortale
205 2156 238 2193 pro
251 2143 320 2181 viribus
339 2143 420 2193 fugiunt3
439 2156 494 2193 opera
508 2144 595 2181 virtutum
613 2156 646 2193 pro
664 2144 719 2181 solius
739 2156 800 2181 amore
814 2144 849 2181 Dei

114 2200 189 2249 faciunt,
203 2203 239 2239 suis
248 2204 266 2240 in
278 2203 347 2240 cunctis
361 2202 446 2240 obediunt
460 2202 570 2251 pastoribus3
584 2202 631 2240 nulla
645 2213 707 2251 petunt
720 2203 806 2240 miracula
819 2216 849 2240 va-

113 2262 179 2300 nitatis.
199 2261 289 2311 Quicquid
308 2263 429 2311 Omnipotens
449 2263 498 2299 Deras
518 2262 626 2299 ordinaverit
643 2275 696 2310 super
709 2275 745 2308 eos
759 2271 849 2311 gratanter

114 2322 222 2369 suscipiunt;
236 2321 257 2358 de
271 2320 383 2359 observantia
401 2324 511 2359 monasticae
528 2322 609 2370 puritatis
623 2322 641 2358 iu
654 2321 703 2359 nullo
716 2321 786 2369 penitus
800 2333 849 2358 rece-

114 2379 163 2416 dunt,
173 2380 192 2416 ln
201 2392 237 2417 uno
246 2389 307 2417 tamen
316 2392 357 2418 sunt
366 2380 460 2418 inferiores
474 2380 596 2429 sequentibus,
611 2381 651 2430 quia
664 2381 754 2429 patiuntur
768 2378 849 2416 fortassis

115 2431 191 2487 aliquem
206 2439 303 2484 defectum,
318 2453 372 2490 quem
386 2440 475 2483 nesciunt,
490 2440 539 2476 cuius
553 2439 631 2487 impulsu
645 2439 750 2488 quandoque
764 2438 850 2475 sensuali·

114 2499 155 2534 tatis
168 2499 250 2547 propriae
264 2500 330 2549 aliquid
345 2501 466 2536 committunt.
483 2499 573 2536 Octavum
587 2498 662 2547 gradum
676 2499 775 2548 quicunque
789 2511 849 2535 ascen-

115 2557 155 2594 dere
169 2558 263 2602 meruerit‚
277 2559 388 2596 'sensualitati
403 2557 448 2595 nilril
464 2557 540 2605 amplius
558 2558 645 2595 concedit.
660 2558 695 2594 Hic
708 2558 777 2605 requies
794 2557 850 2594 animi

115 2615 223 2662 dulcissima,
233 2616 261 2654 liic
270 2619 335 2654 mentis
349 2616 467 2666 tranquillitas
481 2616 562 2666 perfecta.
576 2616 626 2654 Niliil
635 2618 653 2653 in
662 2616 697 2653 hoc
705 2616 760 2665 gradu
771 2616 850 2666 pulchri-

114 2675 181 2713 tudinis
194 2676 279 2715 vitiosum
288 2678 405 2728 relinquitur;
419 2677 509 2723 nihil-hic,
520 2676 568 2727 quod
578 2679 682 2715 contristare
691 2678 747 2727 possit
761 2678 848 2723 animum,
