1968 3023
57 373 127 399 Pollentiae

39 409 85 442 gradus
96 415 127 434 tres,

149 178 182 215 132
367 165 393 202 Dr
403 166 494 215 patientia,
508 172 522 202 et
535 166 664 203 mansuetudine.

147 246 250 283 Necessaria
267 255 293 283 est
310 246 365 294 igitur
382 246 449 284 cunctis
467 244 571 284 mortalibus
592 246 684 294 patientia,
703 255 719 282 et
737 246 814 283 maxime
831 246 880 283 decet

148 305 254 349 claustrales,
268 306 353 355 qnoniam
366 306 419 343 sicuti
432 318 523 355 nunquam
536 303 599 342 desunt
613 305 664 341 iustis
681 304 699 341 in
712 305 746 342 hoc
759 303 826 341 mundo
839 317 880 341 con-

147 365 209 409 traria,
223 365 247 402 ita
261 378 313 402 nemo
327 363 450 402 iustificabitur
464 366 501 402 sine
514 365 604 414 patientia
615 365 658 402 Sunt
668 378 726 402 aurern
736 365 800 414 gradus
814 365 880 412 parien-

147 425 181 461 tiae
191 424 302 473 principales,
312 424 465 473 quemadmodum
475 434 556 462 veterum
566 424 646 461 distinxit
656 423 748 470 industria,
756 434 798 461 tres,
810 424 880 460 Primus

147 482 227 533 quidem,
241 496 261 520 ac
274 483 345 521 infimus
359 483 430 520 illorum
443 494 471 520 est
484 483 585 530 hominum,
594 485 625 532 qui
636 482 708 520 adversa
717 497 775 532 neque
783 484 880 532 inquirunt,

147 556 205 592 neque
223 542 296 580 libenter
313 542 412 587 sufferunt,
431 542 461 579 sed
480 556 521 579 cum
538 542 644 590 acciderint,
663 553 760 592 gravantur
775 543 846 589 animo,
864 551 880 578 et

148 603 255 640 deliciuntnr
268 614 358 646 moerore,
377 613 510 652 conqueruntur
524 602 587 646 etiam,
604 601 717 652 quandoque,
735 612 752 639 et
769 610 880 639 murmurant

148 672 209 699 contra
222 661 317 699 inferentes
331 661 353 699 ad
365 661 435 708 horam,
452 661 483 699 sed
497 672 592 711 postquam
611 661 727 701 inflammata,
737 663 826 699 transierit
839 675 879 699 con-

148 722 208 759 citatio
222 723 292 765 tuentis,
306 720 327 758 ad
341 735 359 758 se
372 720 451 765 redeunt,
466 731 483 758 et
496 721 593 769 irrogatam
610 721 648 758 sine
661 721 741 760 vindicta
752 722 878 759 contumeliam

146 782 232 830 patienter
245 780 321 818 tolerare
334 780 421 818 videntur.
435 780 506 818 Horum
516 790 623 826 tamennon
632 794 706 830 magnae
715 782 786 819 virtutis
796 782 879 831 patientia

147 854 218 889 semper
230 840 275 877 vitio
288 840 377 889 inquietae
390 841 454 876 inentis
469 850 494 877 est
508 841 596 888 proxima,
605 849 622 876 et
636 849 730 889 propterea
743 853 795 889 saepe
808 841 878 884 nullius,

147 900 236 938 interdum
250 912 291 936 vero
305 899 379 936 minoris
392 900 451 936 rneriti
465 899 579 937 aestimanda.
594 900 615 935 Et
628 900 709 949 quamvis
722 900 801 937 hitales
814 901 879 938 nostris

147 959 257 1008 temporibus
270 960 335 996 virtute
348 959 442 1008 patientiae
455 958 537 996 dicantur
550 960 637 1007 insignes,
652 960 749 1009 comparati
762 971 820 997 tamen
832 970 879 997 vete-

147 1019 195 1056 ribus
208 1019 272 1056 sanctis
286 1019 320 1056 hoc
333 1016 431 1055 venerabile
444 1031 512 1055 nomen
526 1017 636 1056 Christianae
650 1018 798 1067 longanimitatis,
809 1028 825 1056 et
836 1019 879 1056 tole-

146 1079 213 1116 rantiae
226 1092 262 1116 non
275 1088 371 1116 merentur.
383 1078 425 1115 Non
438 1078 486 1115 enirn
497 1079 581 1126 patientia
590 1078 661 1116 videtur
674 1092 712 1116 esse
723 1091 769 1124 vera,
779 1092 823 1128 quae
831 1079 878 1116 ama-

147 1137 229 1181 ritudine,
243 1148 260 1174 et
274 1137 394 1187 indignatione
408 1138 472 1174 mentis
490 1138 589 1175 concitatae
607 1137 660 1174 fuerit
679 1137 774 1183 obfuscata,
787 1138 878 1175 Secundus
908 1166 910 1168 >

146 1198 240 1246 patientiae
253 1196 317 1245 gradus
331 1195 403 1233 illorum
417 1195 563 1233 essehominum
577 1189 648 1242 dicitur,
658 1197 688 1245 qui
697 1196 738 1233 licet
751 1196 797 1233 mala
811 1197 878 1245 perpeti

146 1269 183 1294 non
196 1265 286 1305 quaerant,
299 1264 382 1300 attamen,
392 1267 432 1291 cum
442 1256 532 1300 venerint,
542 1255 590 1292 ultro
599 1254 675 1304 benigne
687 1256 790 1303 suscipiunt,
799 1266 816 1293 et
830 1256 879 1305 quasi

146 1316 212 1353 donum
227 1329 236 1352 a
249 1316 287 1352 Deo
301 1315 375 1352 missum
388 1315 518 1363 patientissime
532 1314 661 1363 amplexantur.
675 1314 697 1352 Et
709 1315 728 1352 hi
741 1315 784 1353 tales
793 1316 879 1352 veraciter

146 1375 215 1412 dicendi
231 1385 271 1411 sunt
289 1375 386 1423 patientes,
403 1375 433 1424 qui
450 1373 511 1411 divino
528 1375 614 1420 succensi⁴
625 1387 691 1419 amore,
709 1375 792 1425 quiequid
810 1375 877 1412 adversi

145 1436 255 1485 provenerit,
268 1435 395 1484 aequanimiter
408 1434 491 1480 tolerant,
505 1445 522 1470 et
535 1434 619 1480 eandem,
633 1447 686 1484 qnam
699 1435 747 1484 prins
761 1433 847 1472 habebant
861 1435 877 1471 in

145 1496 241 1543 prosperis,
250 1494 304 1531 animi
314 1492 466 1542 tranquillitatem,
475 1493 529 1529 etiam
539 1493 557 1529 in
565 1492 679 1531 tribulatione
688 1504 798 1531 conservant.
808 1494 877 1531 Horum

100 1575 104 1582 -
145 1567 167 1591 ex
180 1566 255 1590 numero
269 1553 322 1590 luisse
335 1552 468 1590 sanctissimum
481 1551 531 1588 illum
546 1551 578 1589 Iob
592 1552 696 1589 idumaeum
710 1565 746 1590 non
755 1552 877 1598 dubitaverim,

145 1614 224 1663 quinon
234 1612 293 1650 solum
305 1611 411 1649 adversitate
424 1623 518 1660 percussus
532 1623 612 1648 extrema
621 1612 707 1661 patienter
716 1612 775 1649 onmia
784 1611 831 1657 tulit,
841 1611 876 1655 sed,

145 1673 199 1710 etiam
212 1673 230 1708 in
243 1672 327 1720 voragine
340 1670 429 1707 malorum
446 1671 520 1719 positus,
534 1671 598 1719 gratias
615 1684 669 1720 agens
686 1670 765 1708 Domino
783 1671 876 1708 benedixit,

144 1731 239 1775 Dominus,
253 1731 340 1779 inquiens,
354 1729 408 1774 dedit,
421 1729 511 1767 Dominus
524 1728 606 1767 abstulit:
620 1731 666 1767 sicut
679 1730 758 1767 Domino
771 1730 843 1779 placuit,
852 1731 876 1766 ita

145 1791 210 1828 lactum
224 1801 256 1834 est,
270 1791 293 1827 sit
309 1802 375 1827 nomen
393 1790 466 1826 Domini
484 1788 604 1827 benedictum.
620 1791 673 1827 Hunc
690 1791 784 1839 patientiae
801 1790 876 1839 gradum

144 1863 206 1888 ornnes
220 1849 309 1886 custodire
323 1849 406 1886 convenit
419 1848 538 1893 Christianos,
553 1860 570 1885 et
587 1862 629 1897 prae
647 1851 719 1899 caeteris
737 1850 814 1886 maxime
829 1849 876 1886 clau-

143 1909 212 1947 strales.
223 1909 271 1945 Dicit
284 1909 332 1945 enim
341 1909 368 1945 vir
380 1909 458 1956 sapiens:
468 1908 555 1946 Doctrina
564 1908 598 1944 viri
607 1921 638 1956 per
648 1908 750 1957 patientiam
760 1908 875 1957 dignoscitur.

143 1970 188 2007 Nam
203 1978 268 2018 quanto
281 1968 402 2017 unusquisque
414 1969 432 2004 in
445 1967 484 2016 lege
502 1968 585 2013 Domini,
605 1977 622 2004 et
640 1969 743 2016 cognitione
761 1968 875 2005 institutionis

143 2038 215 2066 naturae
228 2026 318 2064 rationalis
332 2025 401 2064 doctior
415 2026 473 2070 fuerit,
487 2036 537 2064 tanto
551 2028 569 2064 in
582 2027 660 2064 adversis
673 2028 768 2075 patientior
778 2027 816 2063 erit.
827 2026 875 2070 Quid

142 2089 156 2124 si
170 2087 264 2124 audentius
277 2087 339 2136 loquar
352 2086 431 2122 veritatis
445 2096 523 2130 amator,
538 2087 623 2135 quoniam
642 2087 681 2135 plus
694 2085 745 2124 nobis
758 2095 832 2135 prosunt
846 2085 875 2122 ad-

142 2159 200 2190 versa,
219 2158 271 2195 quarn
288 2158 379 2194 prospera,
394 2145 409 2181 si
427 2145 475 2182 docti
492 2158 564 2191 sumus,
579 2156 597 2182 et
615 2147 697 2195 propriae
715 2146 822 2183 conditionis
839 2158 875 2182 non

142 2205 225 2244 obliviosi
233 2204 385 2253 pensiculatores?
392 2204 465 2242 Tertius
475 2217 517 2241 vero
527 2205 622 2253 patientiae
631 2205 696 2254 gradus
706 2204 814 2253 reliquorum
823 2215 873 2249 certe,

142 2276 159 2302 et
173 2277 274 2312 supremus,
289 2273 306 2301 et
319 2263 459 2313 perfectissimus
473 2263 507 2300 illis
523 2264 589 2301 merito
607 2264 722 2309 conceditur,
741 2264 771 2312 qui
788 2265 873 2301 contraria

141 2337 177 2360 non
194 2324 263 2368 solum,
283 2335 323 2359 cnm
341 2335 386 2370 opus
401 2320 464 2368 fuerit,
481 2334 514 2371 pro
531 2322 565 2358 Dei
583 2334 655 2368 amore,
674 2331 691 2358 et
708 2321 783 2359 utilitate
801 2321 874 2359 fratrum

141 2385 269 2433 aequanimiter
279 2382 366 2428 tolerant,
374 2382 405 2419 sed
415 2383 468 2420 etiam
479 2382 588 2420 ferventiore
597 2383 662 2429 spiritu
672 2381 761 2418 charitatis
770 2381 873 2418 inflammati

141 2443 187 2480 ultro
201 2458 220 2480 se
233 2444 332 2492 ingerentes
345 2441 366 2478 ad
376 2441 501 2488 contumelias,
512 2452 529 2479 et
542 2442 615 2480 iniurias
629 2440 749 2489 suscipiendas
763 2442 842 2478 alacriter
851 2440 873 2477 f-

141 2503 211 2540 stinant.
225 2503 246 2539 Et
260 2502 294 2539 hoc
307 2514 362 2551 genus
376 2502 471 2549 patientiae
484 2500 565 2538 bifariam
580 2501 670 2544 dividitur,
684 2501 737 2537 sicuti
751 2501 815 2550 duplex
827 2494 872 2538 ratio

142 2564 221 2610 inartyrii
235 2572 336 2600 sanctorum
350 2561 445 2598 invenitur.
459 2561 505 2598 Nam
520 2561 599 2609 qnidam,
615 2573 656 2597 cnm
673 2559 727 2597 latere
743 2562 842 2610 potuissent
856 2562 873 2597 in

141 2622 263 2669 persecutione
278 2620 394 2665 credentium,
406 2620 478 2657 ardente
492 2621 510 2656 in
524 2620 548 2656 eis
563 2619 648 2656 charitate
658 2618 731 2666 Christi,
739 2620 810 2656 nemine
823 2632 871 2657 com·

141 2679 221 2729 pellente,
235 2679 265 2716 sed
279 2688 375 2727 spontanea
389 2692 407 2716 se
420 2679 512 2717 voluntate
526 2677 644 2715 tribunalibus
655 2680 800 2728 persequentium
814 2680 872 2728 inges—
908 2683 911 2688 '
