1968 3023
78 269 159 296 Nobilissimi

73 311 85 330 ct
94 304 159 330 tenerrimi

72 338 159 365 iuuenesmul·

72 374 81 400 ti
88 374 111 399 sub
122 382 159 408 regu-

73 409 95 434 lari
106 409 123 435 D.
135 410 159 435 lie-

72 442 120 469 ncdicti
134 444 158 469 ob·

73 478 159 504 servantia

72 513 148 539 militarunt.

89 548 102 573 S.
110 547 158 574 Bcrred.

72 582 84 608 in
94 590 120 616 rcgv
131 584 150 616 58.

86 1429 157 1456 Confiden-

70 1465 86 1491 tia
96 1464 117 1490 illa
124 1473 157 1491 vana

70 1506 90 1526 est
97 1508 121 1533 qua
128 1499 156 1534 quis

70 1540 123 1568 sperat
139 1542 156 1560 se

69 1575 144 1595 consecutu
149 1582 155 1588 -

69 1612 98 1629 rum
108 1604 156 1629 vitam

69 1645 155 1667 aeternam,

69 1673 128 1708 neglecta
136 1673 156 1699 via

69 1717 93 1743 que
100 1708 115 1733 ad
120 1707 155 1734 illam

69 1742 130 1777 perducit.

83 1777 155 1803 Coelorum

69 1820 122 1846 regnum
128 1812 154 1846 qni-

68 1847 92 1873 bns
103 1847 154 1873 modis

68 1882 143 1917 acquiratur.

93 2200 123 2226 Act,
133 2208 153 2232 aa.

93 2250 123 2283 Sap.
132 2258 142 2276 1.

94 2298 122 2324 net.
132 2306 143 2332 ς.

79 2347 110 2373 Voti
116 2353 152 2373 tran-

66 2391 72 2407 s
77 2391 86 2416 g
91 2391 96 2407 r
101 2391 108 2407 e
113 2391 119 2407 s
125 2391 130 2408 s
135 2391 153 2408 or

66 2425 73 2442 a
80 2425 120 2451 regno
128 2418 152 2443 Dei

66 2452 144 2479 excludetur.

180 162 215 199 244
373 152 399 189 De
411 157 455 189 stain
468 158 482 188 et
495 152 545 189 traina
558 152 643 189 monastici
655 151 722 190 ordinis.

180 230 258 277 fondere,
271 231 302 280 qni
315 230 364 268 omni
377 232 436 276 statui,
450 231 500 268 omni
513 230 586 279 gradui,
600 232 650 268 omni
663 232 721 276 aetati,
735 232 754 269 in
767 232 829 281 regula
842 232 914 282 copiose

180 291 272 340 providet:
289 292 320 341 qui
333 291 420 338 delicatis,
434 300 450 328 et
463 290 539 328 infirmis
553 292 631 329 maxima
644 291 752 330 discretione
766 293 863 335 succurrit:
876 293 913 330 Vos

179 364 202 388 ne
214 351 248 389 soli
262 351 304 388 estis
318 364 339 388 ex
351 350 444 395 nobilibus,
458 352 531 398 teneris,
546 361 562 388 et
575 350 654 389 delicatis
667 351 749 390 ordinem
763 352 839 401 professi
852 366 913 390 mona-

180 409 255 446 sticum?
273 408 327 446 Multi
339 406 446 447 nobilissimi
461 410 534 446 iuvenes
548 409 689 459 irnperatonrm,
703 410 785 460 Regum,
799 411 881 457 Ducum,
894 424 914 448 ac

178 469 283 518 Principum
296 467 338 515 filii,
352 468 369 505 in
383 468 444 506 ordine
457 477 521 506 nostro
534 469 635 513 sanctitate,
649 478 666 506 et
680 469 772 516 doctrina,
787 468 819 506 sub
837 469 913 519 regulari
939 512 940 515 Ἰ

179 526 293 565 observantia
306 527 379 565 diversis
387 526 497 577 temporibus
512 527 623 575 claruerunt,
638 529 667 578 qui
676 527 727 566 vobis
736 528 839 573 nobiliores¹
850 528 913 567 delica-

178 589 239 632 tiores,
249 597 267 624 et
276 589 374 626 teneriores
383 587 495 636 disciplinam
509 587 638 626 coenobiticam
648 588 776 626 inviolabiliter
788 597 913 633 conservantes

179 647 251 685 stabunt
264 647 359 685 adversum
372 660 404 684 vos
417 648 436 684 in
449 647 585 691 testimonium,
599 647 649 685 facile
663 647 763 685 amantibus
778 648 837 685 Deum
851 647 912 697 proba-

178 708 219 752 turi,
229 707 277 756 quod
286 706 336 744 uelut
348 705 459 755 importabile
468 705 540 744 diabolo
554 706 602 755 pleni
615 706 695 745 abiicitis.
704 709 743 746 Nec
756 706 809 745 iubeo
823 716 840 743 te
854 706 913 745 obser-

178 767 262 810 vantiam,
277 779 329 816 quam
344 776 426 804 sutorum
439 767 547 810 contemnis,
560 766 637 812 imitari3
651 766 681 804 sed
694 767 772 816 regulae,
782 780 836 816 qnam
846 768 912 817 promi-

178 826 225 872 sisti,
239 835 292 874 quam
305 826 378 871 vovisti,
392 832 445 874 quam
461 837 533 862 servare
547 825 586 862 Deo
599 824 689 873 pollicitus
703 839 726 863 es.
745 825 779 863 Sed
793 825 835 875 quid
849 825 879 863 tibi
893 827 912 862 in

179 895 239 921 nostra
252 885 387 922 conversatione
401 883 493 934 displicet?
507 884 595 933 Regulam
604 884 664 931 habes,
674 884 743 922 adeius
753 896 847 935 praecepta
857 886 912 923 uitam

178 955 227 981 tuam
240 944 323 981 institue:
337 943 395 981 Nemo
405 952 440 980 ate
450 943 490 992 pius
505 944 567 991 exigit,
582 955 614 980 nec
627 942 665 992 plus
679 945 758 993 requirit.
772 944 860 982 Exercitia
873 958 911 982 mo-

177 1002 288 1049 nachorum,
303 1016 348 1052 quae
362 1003 380 1039 in
392 1001 535 1039 observatoribus
555 1002 627 1051 regulae
645 1002 726 1048 darrrnas,
745 1004 783 1052 ipsa
801 1004 861 1049 docet,
875 1005 913 1052 ipsa

178 1060 231 1106 iubet,
245 1062 284 1111 ipsa
297 1062 391 1110 praecipit:
405 1075 449 1111 quae
462 1063 478 1099 si
490 1061 569 1099 nolucris
583 1062 658 1108 imitari3
671 1063 743 1111 propria
756 1073 774 1100 te
788 1065 824 1101 oris
838 1065 864 1100 tni
873 1077 911 1101 sen-

178 1123 233 1159 tentia
241 1122 339 1170 perimisti:
349 1122 490 1159 Conversionem
500 1121 566 1170 quippe
576 1134 647 1158 morum
658 1121 756 1159 secundum
766 1123 846 1170 reguiam
856 1125 911 1160 sancti

177 1181 269 1219 benedicti
282 1182 319 1218 suis
333 1180 464 1230 professoribus
477 1179 550 1217 indicit:
564 1180 637 1227 ieiunia,
650 1180 782 1227 abstinentiam,
796 1182 872 1232 vigilias,
887 1182 912 1219 tli-

177 1241 271 1290 sciplinas‚
286 1239 418 1286 obedientiam,
432 1240 547 1288 patientiam,
560 1240 691 1287 humilitatem,
705 1249 840 1289 paupertatem,
855 1252 911 1280 caete-

178 1314 232 1350 raque
241 1300 326 1338 exercitia
337 1300 444 1337 ruorrasticne
454 1299 564 1348 disciplinae,
577 1298 680 1348 quaedum,
690 1309 707 1337 et
716 1301 778 1350 gravia
791 1300 865 1348 iudicas,
875 1311 911 1338 tam
929 1318 930 1321 ¹

177 1360 250 1408 propria
267 1368 309 1395 sunt
322 1358 400 1406 regulae,
414 1367 434 1394 ut
447 1358 485 1394 sine
498 1357 525 1394 his
539 1370 592 1394 nemo
606 1358 703 1395 monachus
716 1358 751 1396 dici
765 1370 864 1406 mereatum
877 1360 911 1397 Dic

177 1418 228 1465 mihi,
244 1431 284 1464 oro,
299 1427 419 1466 transgressor
432 1417 476 1463 voti,
487 1426 505 1453 et
514 1416 581 1454 ordinis
594 1417 626 1463 tui,
640 1417 667 1454 dic
679 1418 732 1455 milri:
746 1418 779 1455 Vis
793 1419 847 1455 etiarn
861 1418 911 1456 beate

176 1478 247 1515 nivere?
261 1477 325 1526 Speras
339 1477 392 1513 etiarn
406 1476 427 1513 ad
436 1477 493 1513 vitam
506 1486 596 1513 aeternam
605 1485 623 1513 te
631 1489 683 1524 posse
695 1478 769 1514 venire?
783 1477 911 1526 Respondebis:

176 1536 233 1574 Stulta
247 1545 273 1572 est
286 1536 326 1582 ista,
339 1547 392 1583 quam
405 1534 453 1578 facis,
467 1535 594 1583 interrogatio:
609 1535 655 1579 Quis
668 1548 705 1572 aron
718 1534 762 1572 velit
775 1534 825 1573 beate
838 1537 910 1574 vivere?

176 1596 222 1639 Quis
231 1594 253 1632 ad
262 1596 318 1631 vitam
327 1604 416 1631 aeternam
429 1607 466 1631 non
479 1602 538 1643 speret
547 1594 620 1632 venire?
633 1594 689 1643 igitur
698 1604 715 1631 et
723 1594 775 1632 beate
783 1595 843 1633 vivere
852 1585 910 1644 cupio,
957 1624 959 1628 .

176 1664 193 1692 et
206 1655 228 1692 ad
241 1655 317 1704 patriam
336 1652 430 1690 coelestem
443 1654 503 1690 uenire
518 1666 547 1690 me
560 1666 613 1702 posse
631 1652 710 1690 confido:
723 1653 738 1690 si
752 1666 795 1702 ergo
808 1655 833 1691 ita
846 1665 882 1701 est,
895 1656 910 1692 si

176 1713 245 1751 beatam
258 1714 313 1751 vitam
327 1722 345 1750 te
358 1721 472 1760 accepturum
486 1712 569 1756 confidis,
584 1713 682 1759 corviam,
695 1725 741 1762 quae
755 1712 804 1749 ducit
817 1713 839 1751 ad
851 1714 910 1762 illam,

175 1773 247 1817 deseris,
255 1773 330 1822 spernis,
338 1771 447 1809 contemnis?
457 1784 505 1809 erras
514 1771 575 1818 miser,
582 1771 646 1808 infelix
655 1771 749 1820 deciperis:
758 1771 779 1808 ad
788 1784 864 1822 regnum
874 1786 910 1811 non

174 1834 251 1878 venitur,
264 1832 299 1869 nisi
312 1844 343 1880 per
356 1830 480 1875 humilitatem,
491 1830 513 1867 ad
526 1831 613 1880 requiem,
626 1831 659 1867 nisi
672 1844 704 1880 per
717 1829 804 1875 laborem,
813 1844 845 1881 per
858 1832 910 1870 absti-

175 1894 262 1938 nentiam,
271 1905 302 1941 per
312 1891 437 1939 obedientiam,
445 1883 573 1941 paupertatem.
582 1892 612 1928 aa
622 1892 669 1928 enim
678 1892 772 1940 scriptura.
780 1891 872 1936 Quoniam
882 1905 913 1941 per

174 1952 238 1989 rrrtrltas
248 1951 372 1989 tribulationes
382 1961 452 2000 oportet
461 1964 494 1989 nos
504 1953 570 1988 intrare
579 1952 598 1988 in
606 1964 681 2001 regnum
691 1952 730 1989 Dei.
740 1952 770 1989 Tu
779 1961 839 1990 autem
848 1951 910 1991 infelix

174 2021 261 2060 apostata,
272 2011 303 2061 qui
317 2011 397 2048 ordinem
411 2011 475 2058 reficis,
485 2010 605 2048 laurnilitatem
619 2012 695 2059 spernis,
709 2011 831 2049 obedientiam
844 2014 909 2057 renuis,

174 2079 298 2119 paupertatem
312 2070 357 2117 odis,
370 2070 472 2119 patientiam
486 2071 592 2114 contemnis
602 2083 636 2119 qua
649 2071 749 2107 temeritate
763 2080 800 2108 tam
814 2070 848 2108 alta
861 2084 910 2121 prae-

174 2131 243 2168 sumis?
254 2131 269 2166 si
279 2142 305 2176 OS,
315 2129 363 2179 quod
372 2130 464 2175 mentitur,
475 2129 541 2167 occidit
554 2130 642 2175 animam;
656 2130 690 2167 nisi
703 2131 833 2178 poenitentiam
847 2132 909 2181 egeris,
919 2130 920 2133 ’

174 2203 210 2228 non
223 2198 250 2227 est
263 2188 295 2226 tibi
308 2202 348 2237 pars
362 2189 379 2226 in
392 2200 447 2238 reguo
461 2189 538 2232 Christi,
553 2197 570 2225 et
583 2189 627 2235 Dei,
638 2190 670 2238 'qui
682 2202 719 2226 non
732 2189 813 2236 homini,
826 2190 858 2227 sed
870 2190 909 2229 Deo

174 2248 260 2292 mentiris,
270 2248 300 2297 qui
314 2247 370 2285 violas
384 2256 461 2296 pactum,
471 2247 502 2297 qni
515 2246 570 2284 fidem
583 2259 643 2296 negas,
653 2247 682 2296 qui
691 2258 756 2284 uotum
769 2247 861 2296 religionis
869 2250 909 2287 Deo

174 2310 240 2346 factum
260 2316 350 2345 retractas.
369 2307 410 2345 Non
427 2306 501 2344 salvabit
514 2318 531 2344 te
545 2306 612 2356 (audeo
626 2305 694 2356 dicere)
708 2307 819 2355 dispensatio
832 2309 908 2346 Romani

173 2368 270 2415 Pontificis,
283 2380 336 2416 qnam
349 2366 410 2404 fraude
422 2367 509 2415 postulas,
518 2367 611 2404 rnerrdncio
625 2379 690 2412 narras,
700 2366 808 2415 importunis
822 2368 908 2416 supplica-

173 2427 251 2466 tionibus
265 2437 367 2476 extorques.
377 2426 459 2470 Quatuor
472 2426 527 2473 enitar,
537 2439 582 2475 quae
596 2425 746 2475 dispensationem
760 2424 837 2464 debitam
851 2426 908 2466 facere

173 2488 259 2531 dixirnns,
273 2488 291 2524 in
305 2488 341 2523 tuis
355 2485 444 2523 fraudibus
463 2486 538 2523 rninime
558 2486 669 2522 concurrisse
688 2484 781 2532 videnms;
801 2487 848 2524 Nam
867 2487 907 2534 ilia,

172 2561 226 2597 quam
239 2546 260 2583 ab
274 2546 336 2584 ordine
353 2556 412 2582 sancto
425 2546 475 2592 facis,
490 2545 589 2591 translatio,
603 2558 635 2582 nec
647 2545 696 2582 utilis
710 2554 743 2591 est,
757 2559 790 2582 nec
804 2548 907 2592 necessaria,

173 2616 190 2642 et
203 2604 269 2642 idcirco
283 2605 387 2653 incongrua,
397 2613 415 2640 et
423 2603 523 2641 inhonesta.
537 2604 557 2640 ln
567 2615 586 2641 ea
596 2604 643 2640 enim
656 2616 688 2651 pro
702 2604 808 2641 necessitate
819 2604 907 2652 voluntas,

172 2678 204 2714 pro
220 2664 298 2702 utilitate
311 2664 402 2712 uoluptas,
416 2676 448 2712 pro
462 2665 582 2713 congruentia
599 2663 699 2708 carnalitas,
714 2676 747 2713 pro
760 2665 854 2702 honestate
867 2678 908 2714 sup-
