1968 3023
409 126 486 164 Humilia
499 127 519 163 V.
810 134 819 170 3
824 133 832 169 5

94 222 134 248 raro
148 208 240 258 consurgit
253 206 358 254 monachus
371 207 401 257 qui
415 205 471 243 semel
484 205 574 243 inciderit.
587 206 609 243 Et
620 204 655 242 heu
666 213 709 255 quot
719 202 832 241 inveniuntur

95 268 149 307 hodie
162 268 264 307 claustrales
278 267 405 318 pusillanimes,
418 261 494 310 remissi,
508 275 525 303 et
539 265 614 310 desides,
625 265 656 315 qui
669 263 701 302 snb
715 276 769 301 onere
781 262 833 311 spiri-

96 328 149 366 tualis
163 329 236 366 militiae
251 327 350 377 frequenter
359 324 483 372 succumbunt,
497 336 515 362 et
528 338 569 362 raro
581 325 603 362 ad
613 337 675 361 verum
689 323 761 372 spiritus
775 321 834 359 fervo-

96 401 134 425 rem
148 397 249 437 resurgunt.
264 388 334 424 Horum
351 400 393 423 sane
410 384 511 423 miseranda
529 384 620 431 conditio,
638 384 668 434 qui
682 395 748 420 nomen
761 381 833 428 habent,

96 447 145 497 quod
158 449 224 492 vivant,
239 457 256 484 et
269 447 335 484 mortui
348 440 397 484 sunt:
415 459 460 496 quos
478 445 499 482 ad
513 457 574 482 veram
593 443 750 494 compunctionem
767 441 832 488 cordis,

96 519 129 543 nec
142 507 230 544 memoria
243 507 306 543 mortis
319 506 377 556 potuit
390 505 479 550 inducere,
494 518 527 542 nec
545 504 610 542 inferni
627 503 729 541 recordatio
743 501 834 551 proposita

97 565 184 604 emollire,
198 565 306 603 Huiusmodi
319 578 361 603 vero
375 564 464 611 monachi,
479 575 596 614 posteaquam
615 564 645 600 diu
662 564 686 600 ita
705 561 803 599 manserint
816 561 833 597 in

97 625 164 662 accidia
175 633 273 674 torpentes,
283 634 312 661 ant
325 625 450 674 opprimuntur
464 624 511 661 mala
525 623 662 669 consuetudine,
678 633 695 659 et
708 619 833 666 succumbunt,

96 694 126 721 aut
139 683 184 720 fiunt
197 684 331 734 quodammodo
344 685 362 721 in
376 683 452 730 inferno,
462 694 482 721 ut
495 697 587 733 nunquaru
597 683 618 721 ad
629 683 700 732 plenum
715 681 802 729 respirent
816 680 834 715 iu

97 741 155 779 lucem
168 743 301 781 miserationem
315 744 394 787 Domini,
408 744 472 780 necin
486 742 587 779 libertatem
604 743 683 791 spiritns,
697 754 742 790 quae
756 739 793 777 sola
807 749 833 775 est

97 814 153 850 regno
168 802 259 840 coelorum
273 803 359 851 proxima,
373 801 449 851 facitque
463 803 525 850 iugum
540 802 615 839 Domini
629 814 689 845 suave,
699 809 717 837 ct
730 812 775 837 onus
789 798 832 842 leve,

97 861 206 908 perveniant.
221 860 270 897 Haec
282 860 317 897 illis
330 860 376 897 mala
389 861 500 909 contingunt,
510 871 604 909 propterea
618 860 667 909 quod
676 859 757 897 voluntas
771 870 833 894 eorum

98 932 107 955 a
121 919 219 957 carnalibus
233 921 312 957 nondum
328 930 353 957 est
370 930 444 969 purgata
460 919 579 969 passionibus,
596 933 628 956 nec
645 918 712 956 bonum
728 918 753 954 sic
766 917 833 960 uolunt,

97 979 149 1015 sicuti
163 988 258 1025 noverunt,
277 992 287 1016 a
304 980 375 1027 propria
389 979 534 1028 concupiscentia
547 978 611 1025 illecti,
629 989 645 1014 et
663 977 752 1015 abstracti.
767 977 834 1012 Amant

98 1038 146 1074 enim
159 1039 248 1086 periturae
261 1038 393 1076 consolationes
407 1039 469 1082 carnis,
479 1052 530 1087 quas,
540 1048 558 1074 et
567 1039 582 1074 si
592 1038 725 1086 interrumpunt
734 1035 834 1085 aliquando,

99 1109 190 1146 nunquam
203 1107 263 1133 tamen
276 1098 346 1145 penitus
363 1108 453 1146 rumpunt.
469 1097 512 1134 lnde
529 1107 561 1143 est,
579 1096 627 1146 quod
645 1109 685 1133 suas
701 1095 803 1140 affectiones
816 1096 834 1132 in

99 1155 158 1192 Deum
172 1156 263 1192 rarissime
276 1156 360 1205 dirigunt,
375 1166 393 1193 et
405 1157 420 1193 si
433 1156 505 1206 quando
519 1166 675 1205 compunguntur,
688 1154 710 1191 ad
723 1155 786 1192 horam
799 1168 835 1193 non

99 1213 129 1250 diu
143 1224 261 1263 perseverant,
275 1214 306 1251 sed
319 1216 395 1264 pigritia,
409 1224 426 1252 et
439 1216 502 1252 inertia
515 1214 613 1263 fatigantur
627 1228 670 1251 mox
685 1214 751 1260 animo,
760 1213 834 1258 bonum,

100 1273 147 1321 quod
161 1273 294 1320 inchoaverant,
307 1288 330 1323 ex,
341 1275 418 1321 tristitia,
432 1284 449 1311 et
462 1273 582 1311 melancholia
596 1272 655 1311 subito
671 1272 787 1311 fastidientes.
802 1274 836 1310 lm-

99 1331 143 1380 pleri
157 1342 217 1368 autem
231 1331 301 1369 fervore
314 1332 369 1370 divini
379 1335 445 1370 amoris
454 1346 491 1370 non
501 1342 560 1382 potest
570 1345 620 1370 mens
630 1333 657 1369 his
668 1332 734 1381 agitata
746 1332 835 1380 procellis,

100 1391 185 1439 quoniam
195 1404 235 1428 caro
249 1391 270 1429 ad
283 1393 343 1441 ignem
353 1394 416 1443 posita,
426 1394 532 1443 saepiusque
543 1402 620 1440 remota,
631 1394 678 1430 sicut
687 1405 779 1442 nunquam
792 1392 837 1430 bene

101 1451 189 1500 coquitur,
203 1452 229 1488 sic
241 1451 299 1488 anima
312 1453 330 1489 in
344 1452 428 1490 accidiam
441 1454 512 1502 saepius
525 1452 606 1501 relapsa,
621 1452 682 1490 divino
696 1452 759 1500 spiritu
772 1465 838 1502 nequa-

100 1523 154 1559 quam
166 1510 253 1547 veraciter
266 1511 370 1550 illustratur.
380 1513 427 1549 Dicit
437 1513 485 1550 enim
495 1513 583 1561 scriptura
593 1511 615 1549 ad
624 1512 733 1549 Dominum:
742 1511 780 1555 Qui
790 1511 837 1548 elon-

69 1600 71 1602 .
100 1579 142 1617 gant
156 1583 175 1606 se
188 1584 197 1607 a
210 1581 233 1613 te,
247 1569 334 1619 peribunt,
348 1581 365 1608 et
379 1572 472 1621 perdidisti
485 1585 556 1617 omues,
567 1572 597 1620 qni
609 1582 706 1620 operantur
719 1571 837 1620 iniquitatem.

101 1628 174 1671 Quanto
192 1642 269 1678 namque
284 1643 334 1667 mens
352 1644 382 1679 per
400 1632 484 1668 accidiam
503 1631 575 1680 longius
592 1644 601 1667 a
619 1630 688 1668 fervore
704 1621 758 1666 divini
772 1630 838 1667 amoris

101 1688 200 1732 recesserit,
214 1696 263 1725 tanto
276 1689 375 1737 proximior
388 1690 464 1734 inferno,
479 1699 496 1727 et
509 1690 636 1739 desperationi,
650 1690 712 1732 rarius,
723 1698 740 1725 et
749 1688 837 1725 difficilius

101 1745 122 1782 ad
135 1758 196 1800 veram
210 1748 338 1797 poenitentiam
352 1749 465 1787 convalescit.
479 1750 589 1798 Quicunque
602 1750 657 1798 igitur
671 1762 692 1786 ex
705 1747 761 1792 vobis,
775 1747 838 1784 fratres

102 1806 143 1851 mei,
153 1806 215 1868 fugere
224 1807 245 1844 de
258 1807 316 1845 medio
326 1808 421 1857 Babylonis
431 1808 525 1854 desiderat,
536 1809 637 1858 quicunque
647 1809 708 1845 venire
717 1808 739 1845 ad
748 1808 838 1846 internum

102 1866 191 1905 feruorem
205 1868 278 1917 spiritus
294 1877 352 1918 optat,
370 1883 442 1908 summo
459 1883 530 1919 semper
547 1880 612 1907 conatu
630 1880 723 1919 torporem
737 1870 808 1914 mentis,
822 1879 839 1906 et

102 1927 189 1964 accidiam
205 1941 214 1964 a
228 1941 247 1965 se
259 1929 329 1966 studeat
343 1929 433 1978 repellere,
447 1940 465 1967 et
478 1939 560 1966 sanctum
572 1929 633 1966 Divini
647 1929 713 1966 amoris
727 1929 838 1978 propositum

102 1986 182 2036 quotidie
195 1988 286 2025 innovate.
299 1989 357 2026 Graue
371 1990 424 2026 nimis
438 2000 473 2033 est,
487 1988 551 2034 fateor,
565 2002 629 2037 pravae
645 1987 768 2026 consuetudini
782 1988 839 2025 carnis
859 2026 862 2032 ,
877 1991 909 2051 *qim
918 1991 947 2017 ‘sibi

103 2047 194 2095 resistere,
210 2055 226 2083 et
239 2046 257 2084 in
271 2047 324 2085 corde
337 2049 393 2085 ueteri
403 2058 463 2085 contra
473 2061 543 2085 morem
553 2061 598 2084 nova
608 2048 693 2097 cogitare.
703 2047 760 2090 Certe,
769 2045 839 2093 fratres,
858 2033 916 2096 {iruifss
927 2032 947 2052 η’

103 2117 157 2142 nemo
171 2118 211 2143 cum
225 2105 284 2154 tepida
296 2106 388 2144 voluntate
402 2107 423 2144 de
437 2107 531 2156 profundis
545 2106 609 2143 inferni
623 2117 683 2155 potest
695 2118 793 2154 resurgere,
807 2118 839 2142 nec
859 2116 871 2135 1·
878 2110 909 2136 cor.
918 2116 938 2135 1²·

83 2210 85 2213 .
104 2164 169 2202 tualam
184 2159 223 2214 quis
238 2166 385 2203 consuetudinem
398 2167 436 2203 sine
450 2179 516 2215 magna
528 2166 626 2213 violentia,
640 2176 656 2203 et
669 2166 752 2203 diuturna
766 2177 840 2201 consue·
859 2173 896 2199 Mart.
906 2181 926 2199 ιι.

104 2223 166 2261 tudine
180 2225 268 2262 contraria
280 2226 346 2274 poterit
359 2238 447 2275 superare.
460 2226 507 2263 Nam
521 2235 538 2262 et
552 2226 566 2261 si
579 2238 633 2262 nemo
647 2224 677 2261 frat
690 2233 761 2261 sanctus
774 2223 840 2260 viribus

104 2284 147 2330 suis,
160 2283 192 2321 sed
204 2285 253 2321 Deus
267 2295 297 2329 est,
308 2286 337 2334 qui
347 2294 431 2334 operatur
440 2285 501 2322 omnia
510 2285 528 2321 in
537 2283 631 2322 omnibus:
642 2292 711 2321 constat
720 2282 772 2320 nobis
781 2292 840 2320 tamen

105 2342 205 2388 manifeste,
219 2340 304 2392 quoniam
317 2345 350 2381 Dei
364 2357 439 2393 regnum
451 2345 488 2380 vim
503 2344 574 2392 patitur,
595 2353 612 2380 et
629 2344 658 2392 qni
676 2341 713 2379 suis
726 2341 791 2378 inferre
804 2354 843 2379 mo-

105 2401 152 2439 tibus
166 2403 234 2440 carneis
247 2403 283 2439 vim
297 2403 375 2453 negligit,
389 2403 411 2441 ad
424 2413 527 2441 sanctorum
537 2403 613 2440 Domini
627 2401 738 2439 consortium
752 2414 788 2438 non
802 2414 841 2450 per-

105 2462 164 2511 tingit.
177 2462 225 2499 Audi
238 2475 285 2499 nunc
299 2464 392 2509 monache,
407 2464 508 2512 quicunque
522 2463 593 2511 tepidus
607 2475 625 2498 es
639 2462 660 2499 ad
674 2474 755 2499 amorem
768 2462 811 2506 Dei,
826 2471 842 2498 et

105 2521 211 2568 accidiosus,
224 2520 265 2558 audi
278 2522 356 2570 inquam,
369 2532 386 2558 et
400 2523 524 2568 contremisce,
540 2522 637 2571 quoniam,
652 2521 685 2558 nisi
704 2520 725 2557 de
741 2520 787 2557 mala
801 2534 842 2558 con-

106 2580 199 2618 suetudine
213 2581 299 2629 torpentis
312 2581 359 2617 vitae
373 2582 458 2618 continuo
472 2580 577 2626 surrexeris,
586 2580 620 2616 nisi
630 2581 667 2617 uim
680 2577 712 2616 tibi
726 2579 798 2628 metipsi
811 2592 842 2628 per

107 2640 256 2678 consuetudinem
270 2641 376 2678 contrariam
386 2640 474 2688 intuleris,
484 2641 519 2678 nisi
528 2640 550 2678 ad
559 2639 650 2678 fervorem
664 2639 719 2676 divini
732 2640 799 2676 arnoris
813 2651 843 2676 cor
