1968 3023
98 278 155 310 Statura,

67 319 80 339 tt
90 312 155 347 quaelibet

67 356 97 379 rura,
106 355 130 373 inst
142 355 155 372 e-

66 389 114 408 xecnt
120 382 155 407 ioni

67 425 80 442 m
86 425 93 442 a
98 425 106 442 n
112 417 120 443 d
126 425 132 441 e
138 425 155 442 n-

66 457 86 477 ter
94 451 149 478 inutilla.

77 575 154 601 Benedictus

66 609 101 644 Papa
110 610 141 636 ΧΗ,

81 695 154 719 Paucorum

66 728 120 754 rebellio
130 727 155 753 dis-

66 763 78 789 si
84 771 108 789 niu
114 763 154 792 lata=

67 798 111 823 multis
129 803 154 823 est

66 832 117 858 occasio
132 840 153 857 re·

66 867 127 893 luctandi.

92 981 123 1007 Luc.
134 988 153 1005 11.

91 1103 154 1130 Subdlto-

65 1147 94 1165 rum
109 1139 154 1164 inobe-

65 1174 128 1200 dientia
141 1173 154 1198 in

66 1209 103 1235 omni
120 1209 154 1241 Rep.

65 1245 106 1278 prima
116 1243 153 1268 deso·

66 1278 117 1304 lationis
134 1285 154 1303 est

65 1314 90 1340 viti

82 1465 120 1492 Stulti
131 1473 152 1491 co·

65 1500 121 1526 ltorttt
127 1500 152 1525 io-

64 1536 112 1561 nibus
125 1543 152 1561 non

64 1571 152 1596 emendan-

64 1612 89 1637 tuty
94 1605 117 1631 sed
122 1604 152 1631 clari

64 1639 100 1665 liunt.

75 1881 152 1912 tractuum,

64 1918 84 1942 cui
102 1917 151 1942 anima-

64 1959 93 1977 rum
101 1959 130 1977 cota
137 1959 151 1975 se

63 1986 123 2011 imminet
132 1994 152 2011 se-

63 2029 109 2046 vetum
115 2028 152 2055 opor-

64 2060 82 2081 ret
94 2064 129 2087 esse,
139 2061 152 2080 et

63 2092 103 2126 pium.

175 126 211 176 264
369 124 394 167 Dc
407 134 451 168 stulu
464 138 478 168 rt
490 127 540 169 ruina
552 129 638 170 monastici
650 127 717 170 ordinis.

175 207 221 245 dinis
240 207 382 256 contribuerunt3
396 219 462 247 statuta
480 210 547 248 ordiuis
564 223 634 249 serrant
652 212 755 260 pauciores3
771 212 792 248 ad
811 212 908 262 capitulum

175 268 279 316 paucissimi
292 278 413 306 convenerunt
418 285 422 316 3
437 269 470 306 Ubi
480 278 521 306 sunt
530 269 591 308 literae
600 272 720 307 excusatoriae
729 271 809 318 illorum,
823 273 854 321 qui
868 269 908 321 pro-

176 336 266 363 curatores
279 340 316 364 non
330 328 477 365 miserantum
496 342 582 377 expensae
598 329 677 379 duplices
695 328 800 367 rebellium?
814 331 860 375 Quis
876 330 914 367 ab-·

176 387 260 434 sentium,
275 397 292 424 et
306 386 399 424 rebellium
412 401 489 437 poenam
503 388 593 437 duplicem
603 390 620 424 in
630 389 690 425 multis
704 389 754 425 annis
769 402 847 438 unquam
863 404 910 427 com-

175 447 237 496 pulsus
251 458 277 484 est
290 448 372 484 solvere?
386 448 436 492 Quid
449 457 524 496 prosunt
537 446 588 486 nobis
601 457 678 494 statuta,
694 447 737 497 quid
755 448 805 495 lura,
819 449 862 498 quid
875 450 910 497 pri·

174 505 239 554 vilegia
256 519 349 543 sumorum
367 506 475 544 Pontificum
493 507 562 550 iuvant,
578 508 593 544 si
608 507 625 544 in
642 518 722 555 ternpore
742 508 854 544 necessitatis
873 522 909 546 non

175 565 297 613 praticantur?
314 564 358 602 Ecce
377 565 483 602 Benedictus
500 566 547 614 Papa
563 566 685 603 Duodecimus
703 564 754 603 nobis
772 575 874 615 opportune
890 567 909 603 in

176 624 258 661 omnibus
272 623 356 673 providit,
370 623 413 661 dunt
427 623 520 661 adversum
535 636 659 672 contumaces,
673 635 690 661 et
704 625 780 663 rebelles
794 638 915 663 censurarum

175 682 225 720 fiena
234 682 343 732 imponenda
353 683 482 732 promulgavit:
497 683 546 727 Quid
555 697 597 733 ergo
607 685 711 721 moramur?
724 684 786 729 Quare
796 694 857 722 contra
867 686 908 722 ino-

175 742 267 780 bedientes
281 754 366 779 concessa
379 741 430 779 nobis
444 741 521 779 remedia
539 756 575 780 non
592 745 711 792 praticatnus?
725 744 782 789 Vere,
796 744 857 781 Patres
872 757 911 782 non

176 812 201 838 est
215 800 308 838 laudabilis
321 801 362 847 isra,
377 813 430 850 quam
444 801 525 847 brennus,
535 802 653 839 dissimulatio
666 812 732 846 nostra,
744 803 846 839 Paucorum
861 803 908 839 enim

175 860 286 897 dissimulata
300 860 382 898 rebellio:
396 860 457 898 multis
471 861 569 898 reluctandi
587 862 620 898 erit
638 863 713 899 occasio.
728 863 746 899 Si
760 873 820 899 autem
835 876 866 912 per
879 862 908 900 di-

174 921 269 969 sciplinam
283 922 360 969 paucitas
374 920 396 957 ad
409 920 529 958 obedientiam
539 921 658 969 compellitur,
668 921 741 958 audacia
753 922 874 960 multitudinis
887 924 909 960 ti-

174 992 225 1017 more
243 991 340 1017 coercetur.
357 979 417 1016 Omne
435 991 511 1028 regnum
528 980 546 1016 in
562 981 640 1029 seipsum
658 980 735 1017 divisum
752 979 870 1019 desolabitur:
892 991 909 1018 et

175 1040 234 1077 omnis
247 1040 311 1088 religio
325 1052 334 1075 a
347 1039 404 1087 seipsa
418 1038 530 1082 dissentient,
544 1039 629 1087 paulatim
643 1039 742 1087 dissipatur.
755 1040 798 1077 Non
812 1049 838 1076 est
850 1043 907 1077 venu-

175 1111 201 1137 sta
215 1100 283 1148 species
301 1098 379 1145 ordinis,
393 1097 423 1135 ubi
440 1098 536 1135 tumultuat
552 1099 633 1135 contusio
651 1099 733 1136 unitatis:
747 1099 807 1136 Prima
824 1100 872 1136 enim
890 1100 908 1136 in

175 1160 225 1197 omni
242 1157 331 1207 republica
345 1157 460 1195 desolationis
473 1158 502 1193 via
515 1168 541 1194 est
555 1156 685 1195 inobedientia
698 1157 818 1195 subditorum
832 1158 850 1194 Si
864 1171 907 1207 ergo

175 1220 244 1264 (Patres
254 1218 365 1267 Venerandi)
375 1217 473 1266 capitulum
482 1217 591 1265 provinciale
601 1218 704 1254 continuare
715 1218 789 1265 cupitis:
804 1218 819 1254 si
832 1217 908 1254 dimem-

175 1276 284 1315 brationibus
297 1276 428 1313 monachorum
438 1275 509 1329 obviare
518 1276 579 1321 vultis,
589 1277 604 1312 si
613 1276 689 1325 denique
698 1276 779 1313 ordinem
793 1287 873 1313 vestrum
887 1277 907 1313 ab

175 1339 289 1375 inimicorum
304 1335 385 1372 manibus
399 1335 494 1372 defendere
511 1336 585 1383 optatis,
600 1332 659 1373 curate
677 1337 695 1373 in
710 1336 773 1385 primis
788 1338 809 1373 ad
823 1335 907 1374 obedien-

174 1397 218 1433 tiant
232 1408 316 1433 revocare
331 1404 451 1440 contumaces,
461 1394 540 1443 nequod
554 1393 597 1432 loris
610 1408 641 1443 per
654 1395 759 1447 industriam
772 1396 869 1444 acquiritis,
883 1396 908 1430 in-

174 1466 202 1493 tus
217 1469 248 1505 per
262 1456 370 1492 divisionem
384 1452 497 1491 subditorum
507 1455 598 1492 tnuittatis:
613 1455 668 1498 Quod
682 1454 754 1503 quidem
763 1455 781 1491 in
791 1455 853 1503 primis
868 1467 907 1491 sua·
947 1488 949 1491 .

174 1516 254 1552 vissimis
272 1513 412 1551 exortationibus
430 1513 533 1550 tentandum
547 1524 581 1550 est:
596 1527 638 1562 quas
652 1515 666 1550 si
680 1513 765 1551 obdurata
780 1515 848 1550 cervice
863 1527 907 1551 con-

173 1575 287 1623 tempserint7
297 1571 398 1610 durioribus
412 1583 453 1609 sunt
465 1573 614 1621 increpationibus
626 1572 709 1611 feriendi:
719 1574 789 1610 si'vero
801 1586 833 1610 nec
845 1572 909 1610 blanda

174 1634 282 1678 curaverint,
293 1645 326 1669 nec
335 1645 404 1681 aspera,
417 1633 451 1669 iant
460 1642 520 1669 contra
528 1645 559 1669 eos
566 1645 640 1669 censura
647 1632 770 1682 promulgetur
779 1633 905 1671 ecclesiastica:

174 1693 228 1731 Stulti
242 1694 290 1729 euim
309 1691 464 1729 cohortationibus
482 1704 518 1727 non
535 1692 663 1737 emendantur,
678 1691 709 1727 sed
726 1692 766 1728 elati
783 1691 833 1729 fiunt.
847 1692 867 1728 ln
880 1692 907 1728 his

176 1764 236 1790 tamen
251 1751 317 1789 modus
332 1750 422 1787 habendus
436 1761 470 1796 est,
485 1762 501 1787 et
515 1752 613 1787 necessaria
626 1751 718 1798 discretio,
732 1752 770 1788 sine
784 1750 847 1800 quibus
860 1750 909 1787 nulla

175 1825 255 1861 unquam
265 1811 358 1860 mitigatur
372 1810 453 1847 rebellio:
467 1811 526 1847 Satius
540 1820 567 1847 est
580 1812 627 1848 enim
641 1823 682 1848 oves
696 1809 760 1847 babere
770 1809 843 1855 debiles,
854 1823 907 1860 quant

173 1872 239 1909 nullas:
255 1872 286 1909 sed
299 1872 339 1920 quis
352 1882 390 1907 tum
403 1870 477 1907 idoneus
491 1880 511 1906 ut
524 1870 651 1908 discretionem
664 1870 729 1920 ubique
743 1870 844 1908 custodiat?
857 1871 908 1907 Diffi-

174 1933 206 1969 cile
220 1942 247 1968 est
261 1931 337 1968 modurn
353 1929 437 1967 omnibus
447 1929 529 1967 adbibere
539 1930 596 1968 lactis.
610 1931 688 1979 Oportet
697 1941 756 1967 autem
765 1943 813 1977 eum,
827 1931 857 1980 qui
870 1931 906 1967 ani-

174 2005 212 2028 mas
227 1990 308 2027 infirmas
323 2001 385 2026 curare
398 1989 441 2035 vult,
455 2001 472 2026 et
485 2002 568 2026 severum
582 2003 625 2033 esse,
635 2000 651 2025 et
661 1990 716 2038 plum,
730 2000 747 2026 et
760 1989 810 2026 velut
823 2002 845 2027 ex
858 1999 907 2027 utro-

174 2065 209 2101 que
222 2050 300 2100 quodam
313 2050 374 2086 medio
387 2059 514 2097 temperatum,
525 2059 544 2085 ut
553 2062 586 2086 nec
599 2050 683 2086 severitas
697 2048 716 2086 fit
728 2050 791 2095 nimia,
805 2062 838 2086 nec
850 2051 907 2097 pietas

173 2110 254 2148 remissa.
267 2110 314 2147 Natu
328 2108 404 2146 alterurn
417 2108 493 2157 frangit,
507 2108 582 2145 alterurn
600 2108 684 2146 resoluit:
699 2108 765 2145 llrlodus
783 2118 843 2145 autem
857 2121 906 2146 coer-

173 2169 225 2207 cendi
236 2168 316 2213 rebelles,
331 2179 348 2205 et
361 2178 481 2212 contumaces,
496 2168 524 2204 ille
538 2167 668 2217 pulcherrimus
678 2177 710 2214 est,
719 2180 772 2217 quern
787 2160 841 2216 longa
854 2180 907 2216 eupe-

172 2230 235 2267 tientia
248 2229 340 2266 seniorum
354 2228 473 2265 commendat.
629 2225 630 2230 ’

331 2356 357 2386 De
367 2356 461 2386 celebrando
473 2356 543 2393 Capilrrlo
555 2355 656 2386 Prouirtciuli.
680 2355 717 2393 sap.
728 2356 748 2386 X.

222 2478 368 2505 ouvmrmurmvs
375 2466 426 2504 vobis
435 2467 453 2502 in
462 2478 523 2511 unum,
531 2465 679 2514 praestantissimi
687 2466 754 2514 Patres,
762 2465 804 2515 quid
811 2464 906 2503 celebratio

174 2474 214 2565 C
234 2527 306 2575 capituli
319 2526 433 2575 provincialis
451 2526 535 2575 requirat,
550 2526 625 2562 solerter
641 2525 751 2574 indagemus.
765 2526 844 2562 Maxima
859 2527 906 2562 enim

172 2588 199 2624 vis
214 2586 314 2624 stabilitatis
328 2592 400 2623 nostrae
413 2587 431 2623 in
444 2587 483 2634 ipso
492 2586 572 2634 ponitur,
582 2586 596 2622 si
609 2586 642 2622 rite
656 2585 763 2622 celebretur.
772 2585 820 2623 Num
833 2585 907 2622 unicum

171 2648 240 2687 ordinis
254 2649 312 2687 nostri
326 2648 433 2687 fortalitium
447 2658 480 2696 cst,
493 2649 530 2685 sine
543 2661 579 2698 quo
592 2657 630 2686 tota
644 2647 781 2686 confunderetur
797 2647 860 2696 religio
875 2660 906 2684 no·
