1968 3023
324 140 366 177 uriae
380 127 493 166 memorabilia
505 128 542 164 visa
554 133 596 164 situl.

259 207 275 235 V

91 305 152 335 Veritas
163 304 203 334 inter
213 314 256 335 arma
267 304 356 340 Christiani,
368 315 391 335 πο,

91 355 152 384 Veritas
162 354 243 384 monachis
254 354 347 391 necessaria,
359 365 383 385 20.

91 403 153 434 Veritas
163 404 240 434 contraria
250 403 320 441 vanitati,
332 414 355 434 κο.

91 453 161 483 Verbum
172 452 202 483 Dei
212 453 273 489 gladius
283 454 352 491 spiritus,
364 463 388 490 23.

90 502 121 533 Via
131 502 185 538 ardua,
197 511 237 539 quae
248 502 291 532 ducit
301 502 321 532 ad
331 502 385 538 vitain,
398 512 430 539 199,

90 552 130 582 Viae
140 550 203 581 (liuenti
213 552 234 581 ad
244 552 306 581 coelum
314 555 381 588 quatuor
390 561 442 582 neces·

115 599 162 635 saria,
174 609 208 637 199.

91 649 175 686 Vigilantia
186 659 226 686 quos
236 650 294 679 fructus
305 650 365 687 aflerat,
378 659 410 680 122.

90 699 118 729 Vir
128 699 179 728 bonus
189 708 270 736 nunquam
280 700 329 735 solus,
341 707 366 735 42.

90 748 169 778 Virtutum
181 748 259 785 qliaedam
267 749 321 784 seties,
330 758 348 778 ac
355 748 413 785 gradus
423 749 443 779 ad

114 806 181 834 regnunt
191 798 276 833 coelorum,
291 806 324 835 177.

90 846 169 877 Virtutum
180 846 237 877 sanctis
247 847 325 877 exercitiis
335 847 447 878 deficientibus

115 895 167 925 delicit
178 895 245 933 laetitia,
256 905 297 933 quae
310 906 330 926 ex
344 896 382 933 ipsis
395 897 443 927 nasci-

114 949 144 981 tur,
157 954 193 981 ²30·

90 994 192 1033 Visitatores,
200 995 255 1030 quales
266 1003 300 1024 esse
311 994 385 1031 debeant,
397 1003 431 1031 270.

90 1043 193 1074 visitatorum
206 1043 284 1081 imperitia
297 1044 381 1074 nurltorunr
395 1046 443 1074 malo·

115 1102 149 1122 rum
160 1102 212 1129 causa,
224 1102 256 1130 271.
301 1129 303 1131 ‚

90 1143 126 1174 Vita
137 1143 183 1179 bona,
196 1143 236 1173 bona
247 1143 303 1180 oratio,
314 1152 338 1180 55.

798 126 831 173 283

482 206 517 236 Vita
533 204 627 241 multorum,
644 203 691 234 etiam
708 203 832 238 monachorum,

505 263 553 291 quarn
563 252 638 284 dissideat
648 263 657 283 a
669 252 737 288 Christo,
748 261 773 290 95.

482 303 540 334 Vivens
550 303 599 339 aliter,
611 312 658 340 quarn
668 301 745 340 promisit,
753 305 770 332 ut
781 301 833 331 irrIsor

505 363 514 382 a
525 352 593 382 Domino
606 351 710 389 damnabitur,
721 360 755 388 245.

481 403 524 433 Vixit
533 402 571 432 satis
582 401 614 438 diu,
626 401 652 439 qui
663 401 701 431 vixit
711 402 756 438 bene,
770 409 802 437 172.

473 453 557 483 .Volnnlas
571 452 652 482 hominurn
666 451 720 481 ultima
730 461 739 481 a
749 451 789 481 vivis
801 460 832 481 non

505 502 584 538 violanda,
596 504 629 538 238.

480 551 568 582 Voluntatis
585 550 648 581 divinae
665 550 736 581 indoctus
751 551 832 580 inexcusa-

504 601 544 637 bilis,
556 611 582 638 29·

480 653 539 682 Votum
549 650 675 687 saluberrimum,
688 652 719 687 165.

480 701 521 731 Vota
537 699 622 730 monastica
636 704 672 729 sunt
686 699 706 729 de
720 698 753 729 inre
769 698 831 735 divino,

505 750 541 779 ideo
554 749 588 779 sine
602 748 670 778 maxima
683 748 776 778 necessitate
789 749 832 786 Papa

504 799 524 828 ab
535 798 557 828 eis
568 808 598 828 non
609 797 676 828 intendit
685 798 773 834 absolvere,
785 806 817 833 250.

480 849 521 879 Vota
527 848 554 878 tria
560 847 641 885 religionis
648 846 754 877 substantialia
761 846 832 877 studiose

504 897 588 934 seruanda,
599 906 633 933 ²32·

481 946 517 977 Voti
527 946 630 983 transgressio
644 950 667 976 est
681 946 713 976 eius
727 946 742 975 in
753 946 830 976 deteriora

505 996 575 1032 mutatio,
587 998 620 1032 238.

480 1046 516 1075 Voti
527 1045 600 1075 tractores
611 1055 620 1075 a
631 1046 666 1075 Deo
676 1045 786 1082 despiciuntur,
797 1053 831 1083 245.

480 1094 517 1125 Voti
531 1098 636 1131 transgressor
648 1095 722 1131 aRegno
737 1095 766 1125 Dei
780 1095 831 1124 exclu-

505 1144 555 1180 detur,
568 1151 601 1180 244.

164 1452 216 1480 Fines
227 1452 306 1480 'sanotae
317 1458 348 1480 seu
359 1452 422 1480 tunicis
433 1459 490 1481 aaron
501 1458 629 1481 urnniouanniun
639 1459 683 1488 oona
694 1460 712 1481 in
722 1460 758 1482 noc

277 1518 331 1540 OPERE
343 1510 413 1540 [OANNIS
423 1512 504 1541 Tulttrtnr
515 1518 642 1541 CONTINENTUR.
